%YAML 1.1
%TAG !u! tag:unity3d.com,2011:
--- !u!29 &1
OcclusionCullingSettings:
  m_ObjectHideFlags: 0
  serializedVersion: 2
  m_OcclusionBakeSettings:
    smallestOccluder: 5
    smallestHole: 0.25
    backfaceThreshold: 100
  m_SceneGUID: 00000000000000000000000000000000
  m_OcclusionCullingData: {fileID: 0}
--- !u!104 &2
RenderSettings:
  m_ObjectHideFlags: 0
  serializedVersion: 7
  m_Fog: 0
  m_FogColor: {r: 0.5, g: 0.5, b: 0.5, a: 1}
  m_FogMode: 3
  m_FogDensity: 0.01
  m_LinearFogStart: 0
  m_LinearFogEnd: 300
  m_AmbientSkyColor: {r: 0.212, g: 0.227, b: 0.259, a: 1}
  m_AmbientEquatorColor: {r: 0.114, g: 0.125, b: 0.133, a: 1}
  m_AmbientGroundColor: {r: 0.047, g: 0.043, b: 0.035, a: 1}
  m_AmbientIntensity: 1
  m_AmbientMode: 0
  m_SkyboxMaterial: {fileID: 10304, guid: 0000000000000000f000000000000000, type: 0}
  m_HaloStrength: 0.5
  m_FlareStrength: 1
  m_FlareFadeSpeed: 3
  m_HaloTexture: {fileID: 0}
  m_SpotCookie: {fileID: 10001, guid: 0000000000000000e000000000000000, type: 0}
  m_DefaultReflectionMode: 0
  m_DefaultReflectionResolution: 128
  m_ReflectionBounces: 1
  m_ReflectionIntensity: 1
  m_CustomReflection: {fileID: 0}
  m_Sun: {fileID: 671295235}
  m_IndirectSpecularColor: {r: 0.44657844, g: 0.49641222, b: 0.57481694, a: 1}
--- !u!157 &3
LightmapSettings:
  m_ObjectHideFlags: 0
  serializedVersion: 7
  m_GIWorkflowMode: 1
  m_GISettings:
    serializedVersion: 2
    m_BounceScale: 1
    m_IndirectOutputScale: 1
    m_AlbedoBoost: 1
    m_TemporalCoherenceThreshold: 1
    m_EnvironmentLightingMode: 0
    m_EnableBakedLightmaps: 1
    m_EnableRealtimeLightmaps: 1
  m_LightmapEditorSettings:
    serializedVersion: 4
    m_Resolution: 2
    m_BakeResolution: 40
    m_TextureWidth: 1024
    m_TextureHeight: 1024
    m_AO: 0
    m_AOMaxDistance: 1
    m_CompAOExponent: 1
    m_CompAOExponentDirect: 0
    m_Padding: 2
    m_LightmapParameters: {fileID: 0}
    m_LightmapsBakeMode: 1
    m_TextureCompression: 1
    m_DirectLightInLightProbes: 1
    m_FinalGather: 0
    m_FinalGatherFiltering: 1
    m_FinalGatherRayCount: 256
    m_ReflectionCompression: 2
  m_LightingDataAsset: {fileID: 112000001, guid: 0e0a70714bcab084da78c3e40d76e0fe,
    type: 2}
  m_RuntimeCPUUsage: 25
--- !u!196 &4
NavMeshSettings:
  serializedVersion: 2
  m_ObjectHideFlags: 0
  m_BuildSettings:
    serializedVersion: 2
    agentTypeID: 0
    agentRadius: 0.5
    agentHeight: 2
    agentSlope: 45
    agentClimb: 0.4
    ledgeDropHeight: 0
    maxJumpAcrossDistance: 0
    minRegionArea: 2
    manualCellSize: 0
    cellSize: 0.16666667
    accuratePlacement: 0
  m_NavMeshData: {fileID: 0}
--- !u!1001 &15949028
Prefab:
  m_ObjectHideFlags: 0
  serializedVersion: 2
  m_Modification:
    m_TransformParent: {fileID: 826133686}
    m_Modifications:
    - target: {fileID: 4573716714506636, guid: 8fef465943671134fa7c2d7d4f62dd9d, type: 2}
      propertyPath: m_LocalPosition.x
      value: 4
      objectReference: {fileID: 0}
    - target: {fileID: 4573716714506636, guid: 8fef465943671134fa7c2d7d4f62dd9d, type: 2}
      propertyPath: m_LocalPosition.y
      value: 0
      objectReference: {fileID: 0}
    - target: {fileID: 4573716714506636, guid: 8fef465943671134fa7c2d7d4f62dd9d, type: 2}
      propertyPath: m_LocalPosition.z
      value: 1
      objectReference: {fileID: 0}
    - target: {fileID: 4573716714506636, guid: 8fef465943671134fa7c2d7d4f62dd9d, type: 2}
      propertyPath: m_LocalRotation.x
      value: -0
      objectReference: {fileID: 0}
    - target: {fileID: 4573716714506636, guid: 8fef465943671134fa7c2d7d4f62dd9d, type: 2}
      propertyPath: m_LocalRotation.y
      value: -0
      objectReference: {fileID: 0}
    - target: {fileID: 4573716714506636, guid: 8fef465943671134fa7c2d7d4f62dd9d, type: 2}
      propertyPath: m_LocalRotation.z
      value: -0
      objectReference: {fileID: 0}
    - target: {fileID: 4573716714506636, guid: 8fef465943671134fa7c2d7d4f62dd9d, type: 2}
      propertyPath: m_LocalRotation.w
      value: 1
      objectReference: {fileID: 0}
    - target: {fileID: 4573716714506636, guid: 8fef465943671134fa7c2d7d4f62dd9d, type: 2}
      propertyPath: m_RootOrder
      value: 4
      objectReference: {fileID: 0}
    - target: {fileID: 1548563460758290, guid: 8fef465943671134fa7c2d7d4f62dd9d, type: 2}
      propertyPath: m_Name
      value: Pawn (3)
      objectReference: {fileID: 0}
    m_RemovedComponents: []
  m_ParentPrefab: {fileID: 100100000, guid: 8fef465943671134fa7c2d7d4f62dd9d, type: 2}
  m_IsPrefabParent: 0
--- !u!4 &15949029 stripped
Transform:
  m_PrefabParentObject: {fileID: 4573716714506636, guid: 8fef465943671134fa7c2d7d4f62dd9d,
    type: 2}
  m_PrefabInternal: {fileID: 15949028}
--- !u!1001 &105885105
Prefab:
  m_ObjectHideFlags: 0
  serializedVersion: 2
  m_Modification:
    m_TransformParent: {fileID: 281885825}
    m_Modifications:
    - target: {fileID: 4810240417420668, guid: 424c81ea66496ef46a9e80ae78fd6302, type: 2}
      propertyPath: m_LocalPosition.x
      value: 3
      objectReference: {fileID: 0}
    - target: {fileID: 4810240417420668, guid: 424c81ea66496ef46a9e80ae78fd6302, type: 2}
      propertyPath: m_LocalPosition.y
      value: 0
      objectReference: {fileID: 0}
    - target: {fileID: 4810240417420668, guid: 424c81ea66496ef46a9e80ae78fd6302, type: 2}
      propertyPath: m_LocalPosition.z
      value: 0
      objectReference: {fileID: 0}
    - target: {fileID: 4810240417420668, guid: 424c81ea66496ef46a9e80ae78fd6302, type: 2}
      propertyPath: m_LocalRotation.x
      value: -0
      objectReference: {fileID: 0}
    - target: {fileID: 4810240417420668, guid: 424c81ea66496ef46a9e80ae78fd6302, type: 2}
      propertyPath: m_LocalRotation.y
      value: -0
      objectReference: {fileID: 0}
    - target: {fileID: 4810240417420668, guid: 424c81ea66496ef46a9e80ae78fd6302, type: 2}
      propertyPath: m_LocalRotation.z
      value: -0
      objectReference: {fileID: 0}
    - target: {fileID: 4810240417420668, guid: 424c81ea66496ef46a9e80ae78fd6302, type: 2}
      propertyPath: m_LocalRotation.w
      value: 1
      objectReference: {fileID: 0}
    - target: {fileID: 4810240417420668, guid: 424c81ea66496ef46a9e80ae78fd6302, type: 2}
      propertyPath: m_RootOrder
      value: 1
      objectReference: {fileID: 0}
    - target: {fileID: 1984777108993052, guid: 424c81ea66496ef46a9e80ae78fd6302, type: 2}
      propertyPath: m_Name
      value: Non destroyable Grid Plane (25)
      objectReference: {fileID: 0}
    m_RemovedComponents: []
  m_ParentPrefab: {fileID: 100100000, guid: 424c81ea66496ef46a9e80ae78fd6302, type: 2}
  m_IsPrefabParent: 0
--- !u!1001 &192081626
Prefab:
  m_ObjectHideFlags: 0
  serializedVersion: 2
  m_Modification:
    m_TransformParent: {fileID: 826133686}
    m_Modifications:
    - target: {fileID: 4573716714506636, guid: 8fef465943671134fa7c2d7d4f62dd9d, type: 2}
      propertyPath: m_LocalPosition.x
      value: 6
      objectReference: {fileID: 0}
    - target: {fileID: 4573716714506636, guid: 8fef465943671134fa7c2d7d4f62dd9d, type: 2}
      propertyPath: m_LocalPosition.y
      value: 0
      objectReference: {fileID: 0}
    - target: {fileID: 4573716714506636, guid: 8fef465943671134fa7c2d7d4f62dd9d, type: 2}
      propertyPath: m_LocalPosition.z
      value: 4
      objectReference: {fileID: 0}
    - target: {fileID: 4573716714506636, guid: 8fef465943671134fa7c2d7d4f62dd9d, type: 2}
      propertyPath: m_LocalRotation.x
      value: -0
      objectReference: {fileID: 0}
    - target: {fileID: 4573716714506636, guid: 8fef465943671134fa7c2d7d4f62dd9d, type: 2}
      propertyPath: m_LocalRotation.y
      value: -0
      objectReference: {fileID: 0}
    - target: {fileID: 4573716714506636, guid: 8fef465943671134fa7c2d7d4f62dd9d, type: 2}
      propertyPath: m_LocalRotation.z
      value: -0
      objectReference: {fileID: 0}
    - target: {fileID: 4573716714506636, guid: 8fef465943671134fa7c2d7d4f62dd9d, type: 2}
      propertyPath: m_LocalRotation.w
      value: 1
      objectReference: {fileID: 0}
    - target: {fileID: 4573716714506636, guid: 8fef465943671134fa7c2d7d4f62dd9d, type: 2}
      propertyPath: m_RootOrder
      value: 3
      objectReference: {fileID: 0}
    - target: {fileID: 1548563460758290, guid: 8fef465943671134fa7c2d7d4f62dd9d, type: 2}
      propertyPath: m_Name
      value: Pawn (2)
      objectReference: {fileID: 0}
    m_RemovedComponents: []
  m_ParentPrefab: {fileID: 100100000, guid: 8fef465943671134fa7c2d7d4f62dd9d, type: 2}
  m_IsPrefabParent: 0
--- !u!4 &192081627 stripped
Transform:
  m_PrefabParentObject: {fileID: 4573716714506636, guid: 8fef465943671134fa7c2d7d4f62dd9d,
    type: 2}
  m_PrefabInternal: {fileID: 192081626}
--- !u!1001 &213048749
Prefab:
  m_ObjectHideFlags: 0
  serializedVersion: 2
  m_Modification:
    m_TransformParent: {fileID: 0}
    m_Modifications:
    - target: {fileID: 4136893012361972, guid: c5775acb357c4284f83bf3bcdea81a29, type: 2}
      propertyPath: m_LocalPosition.x
      value: 0
      objectReference: {fileID: 0}
    - target: {fileID: 4136893012361972, guid: c5775acb357c4284f83bf3bcdea81a29, type: 2}
      propertyPath: m_LocalPosition.y
      value: 0
      objectReference: {fileID: 0}
    - target: {fileID: 4136893012361972, guid: c5775acb357c4284f83bf3bcdea81a29, type: 2}
      propertyPath: m_LocalPosition.z
      value: 0
      objectReference: {fileID: 0}
    - target: {fileID: 4136893012361972, guid: c5775acb357c4284f83bf3bcdea81a29, type: 2}
      propertyPath: m_LocalRotation.x
      value: 0
      objectReference: {fileID: 0}
    - target: {fileID: 4136893012361972, guid: c5775acb357c4284f83bf3bcdea81a29, type: 2}
      propertyPath: m_LocalRotation.y
      value: 0
      objectReference: {fileID: 0}
    - target: {fileID: 4136893012361972, guid: c5775acb357c4284f83bf3bcdea81a29, type: 2}
      propertyPath: m_LocalRotation.z
      value: 0
      objectReference: {fileID: 0}
    - target: {fileID: 4136893012361972, guid: c5775acb357c4284f83bf3bcdea81a29, type: 2}
      propertyPath: m_LocalRotation.w
      value: 1
      objectReference: {fileID: 0}
    - target: {fileID: 4136893012361972, guid: c5775acb357c4284f83bf3bcdea81a29, type: 2}
      propertyPath: m_RootOrder
      value: 8
      objectReference: {fileID: 0}
    - target: {fileID: 1918632626046108, guid: c5775acb357c4284f83bf3bcdea81a29, type: 2}
      propertyPath: m_Name
      value: Stone Board
      objectReference: {fileID: 0}
    - target: {fileID: 4424246831631934, guid: c5775acb357c4284f83bf3bcdea81a29, type: 2}
      propertyPath: m_LocalScale.z
      value: 2
      objectReference: {fileID: 0}
    - target: {fileID: 4424246831631934, guid: c5775acb357c4284f83bf3bcdea81a29, type: 2}
      propertyPath: m_LocalPosition.z
      value: 1.5
      objectReference: {fileID: 0}
    - target: {fileID: 4424246831631934, guid: c5775acb357c4284f83bf3bcdea81a29, type: 2}
      propertyPath: m_LocalPosition.x
      value: 3.5
      objectReference: {fileID: 0}
    - target: {fileID: 4424246831631934, guid: c5775acb357c4284f83bf3bcdea81a29, type: 2}
      propertyPath: m_LocalScale.x
      value: 4
      objectReference: {fileID: 0}
    - target: {fileID: 4851869480228112, guid: c5775acb357c4284f83bf3bcdea81a29, type: 2}
      propertyPath: m_LocalPosition.x
      value: 2
      objectReference: {fileID: 0}
    - target: {fileID: 4851869480228112, guid: c5775acb357c4284f83bf3bcdea81a29, type: 2}
      propertyPath: m_LocalPosition.z
      value: 1
      objectReference: {fileID: 0}
    m_RemovedComponents: []
  m_ParentPrefab: {fileID: 100100000, guid: c5775acb357c4284f83bf3bcdea81a29, type: 2}
  m_IsPrefabParent: 0
--- !u!1001 &233546935
Prefab:
  m_ObjectHideFlags: 0
  serializedVersion: 2
  m_Modification:
    m_TransformParent: {fileID: 281885825}
    m_Modifications:
    - target: {fileID: 4810240417420668, guid: 424c81ea66496ef46a9e80ae78fd6302, type: 2}
      propertyPath: m_LocalPosition.x
      value: 3
      objectReference: {fileID: 0}
    - target: {fileID: 4810240417420668, guid: 424c81ea66496ef46a9e80ae78fd6302, type: 2}
      propertyPath: m_LocalPosition.y
      value: 0
      objectReference: {fileID: 0}
    - target: {fileID: 4810240417420668, guid: 424c81ea66496ef46a9e80ae78fd6302, type: 2}
      propertyPath: m_LocalPosition.z
      value: 1
      objectReference: {fileID: 0}
    - target: {fileID: 4810240417420668, guid: 424c81ea66496ef46a9e80ae78fd6302, type: 2}
      propertyPath: m_LocalRotation.x
      value: -0
      objectReference: {fileID: 0}
    - target: {fileID: 4810240417420668, guid: 424c81ea66496ef46a9e80ae78fd6302, type: 2}
      propertyPath: m_LocalRotation.y
      value: -0
      objectReference: {fileID: 0}
    - target: {fileID: 4810240417420668, guid: 424c81ea66496ef46a9e80ae78fd6302, type: 2}
      propertyPath: m_LocalRotation.z
      value: -0
      objectReference: {fileID: 0}
    - target: {fileID: 4810240417420668, guid: 424c81ea66496ef46a9e80ae78fd6302, type: 2}
      propertyPath: m_LocalRotation.w
      value: 1
      objectReference: {fileID: 0}
    - target: {fileID: 4810240417420668, guid: 424c81ea66496ef46a9e80ae78fd6302, type: 2}
      propertyPath: m_RootOrder
      value: 5
      objectReference: {fileID: 0}
    - target: {fileID: 1984777108993052, guid: 424c81ea66496ef46a9e80ae78fd6302, type: 2}
      propertyPath: m_Name
      value: Non destroyable Grid Plane (28)
      objectReference: {fileID: 0}
    m_RemovedComponents: []
  m_ParentPrefab: {fileID: 100100000, guid: 424c81ea66496ef46a9e80ae78fd6302, type: 2}
  m_IsPrefabParent: 0
--- !u!1 &254537264
GameObject:
  m_ObjectHideFlags: 0
  m_PrefabParentObject: {fileID: 1090775281122776, guid: 2f04af3b5078bf34990585d4fc83bc2c,
    type: 2}
  m_PrefabInternal: {fileID: 0}
  serializedVersion: 5
  m_Component:
  - component: {fileID: 254537265}
  m_Layer: 5
  m_Name: Pawn
  m_TagString: Untagged
  m_Icon: {fileID: 0}
  m_NavMeshLayer: 0
  m_StaticEditorFlags: 0
  m_IsActive: 1
--- !u!224 &254537265
RectTransform:
  m_ObjectHideFlags: 0
  m_PrefabParentObject: {fileID: 224849052098844900, guid: 2f04af3b5078bf34990585d4fc83bc2c,
    type: 2}
  m_PrefabInternal: {fileID: 0}
  m_GameObject: {fileID: 254537264}
  m_LocalRotation: {x: 0, y: 0, z: 0, w: 1}
  m_LocalPosition: {x: 0, y: 0, z: 0}
  m_LocalScale: {x: 1, y: 1, z: 1}
  m_Children:
  - {fileID: 805663406}
  - {fileID: 440041716}
  m_Father: {fileID: 813681962}
  m_RootOrder: 1
  m_LocalEulerAnglesHint: {x: 0, y: 0, z: 0}
  m_AnchorMin: {x: 1, y: 1}
  m_AnchorMax: {x: 1, y: 1}
  m_AnchoredPosition: {x: -20, y: -20}
  m_SizeDelta: {x: 229, y: 91}
  m_Pivot: {x: 1, y: 1}
--- !u!4 &281885825 stripped
Transform:
  m_PrefabParentObject: {fileID: 4801431243000748, guid: ccd8d2639e43ffc4c97f038e8a4b4d9e,
    type: 2}
  m_PrefabInternal: {fileID: 1945183800}
--- !u!1001 &293337297
Prefab:
  m_ObjectHideFlags: 0
  serializedVersion: 2
  m_Modification:
    m_TransformParent: {fileID: 281885825}
    m_Modifications:
    - target: {fileID: 4810240417420668, guid: 424c81ea66496ef46a9e80ae78fd6302, type: 2}
      propertyPath: m_LocalPosition.x
      value: 3
      objectReference: {fileID: 0}
    - target: {fileID: 4810240417420668, guid: 424c81ea66496ef46a9e80ae78fd6302, type: 2}
      propertyPath: m_LocalPosition.y
      value: 0
      objectReference: {fileID: 0}
    - target: {fileID: 4810240417420668, guid: 424c81ea66496ef46a9e80ae78fd6302, type: 2}
      propertyPath: m_LocalPosition.z
      value: 2
      objectReference: {fileID: 0}
    - target: {fileID: 4810240417420668, guid: 424c81ea66496ef46a9e80ae78fd6302, type: 2}
      propertyPath: m_LocalRotation.x
      value: -0
      objectReference: {fileID: 0}
    - target: {fileID: 4810240417420668, guid: 424c81ea66496ef46a9e80ae78fd6302, type: 2}
      propertyPath: m_LocalRotation.y
      value: -0
      objectReference: {fileID: 0}
    - target: {fileID: 4810240417420668, guid: 424c81ea66496ef46a9e80ae78fd6302, type: 2}
      propertyPath: m_LocalRotation.z
      value: -0
      objectReference: {fileID: 0}
    - target: {fileID: 4810240417420668, guid: 424c81ea66496ef46a9e80ae78fd6302, type: 2}
      propertyPath: m_LocalRotation.w
      value: 1
      objectReference: {fileID: 0}
    - target: {fileID: 4810240417420668, guid: 424c81ea66496ef46a9e80ae78fd6302, type: 2}
      propertyPath: m_RootOrder
      value: 7
      objectReference: {fileID: 0}
    - target: {fileID: 1984777108993052, guid: 424c81ea66496ef46a9e80ae78fd6302, type: 2}
      propertyPath: m_Name
      value: Non destroyable Grid Plane (32)
      objectReference: {fileID: 0}
    m_RemovedComponents: []
  m_ParentPrefab: {fileID: 100100000, guid: 424c81ea66496ef46a9e80ae78fd6302, type: 2}
  m_IsPrefabParent: 0
--- !u!1 &440041715
GameObject:
  m_ObjectHideFlags: 0
  m_PrefabParentObject: {fileID: 1196314034065528, guid: 2f04af3b5078bf34990585d4fc83bc2c,
    type: 2}
  m_PrefabInternal: {fileID: 0}
  serializedVersion: 5
  m_Component:
  - component: {fileID: 440041716}
  - component: {fileID: 440041718}
  - component: {fileID: 440041717}
  m_Layer: 5
  m_Name: Pawn counter
  m_TagString: Untagged
  m_Icon: {fileID: 0}
  m_NavMeshLayer: 0
  m_StaticEditorFlags: 0
  m_IsActive: 1
--- !u!224 &440041716
RectTransform:
  m_ObjectHideFlags: 0
  m_PrefabParentObject: {fileID: 224391195035575008, guid: 2f04af3b5078bf34990585d4fc83bc2c,
    type: 2}
  m_PrefabInternal: {fileID: 0}
  m_GameObject: {fileID: 440041715}
  m_LocalRotation: {x: -0, y: -0, z: -0, w: 1}
  m_LocalPosition: {x: 0, y: 0, z: 0}
  m_LocalScale: {x: 1, y: 1, z: 1}
  m_Children:
  - {fileID: 1016155797}
  m_Father: {fileID: 254537265}
  m_RootOrder: 1
  m_LocalEulerAnglesHint: {x: 0, y: 0, z: 0}
  m_AnchorMin: {x: 1, y: 1}
  m_AnchorMax: {x: 1, y: 1}
  m_AnchoredPosition: {x: 0, y: 0}
  m_SizeDelta: {x: 158, y: 84}
  m_Pivot: {x: 1, y: 1}
--- !u!114 &440041717
MonoBehaviour:
  m_ObjectHideFlags: 0
  m_PrefabParentObject: {fileID: 114664650007891332, guid: 2f04af3b5078bf34990585d4fc83bc2c,
    type: 2}
  m_PrefabInternal: {fileID: 0}
  m_GameObject: {fileID: 440041715}
  m_Enabled: 1
  m_EditorHideFlags: 0
  m_Script: {fileID: 708705254, guid: f70555f144d8491a825f0804e09c671c, type: 3}
  m_Name: 
  m_EditorClassIdentifier: 
  m_Material: {fileID: 0}
  m_Color: {r: 1, g: 1, b: 1, a: 1}
  m_RaycastTarget: 1
  m_OnCullStateChanged:
    m_PersistentCalls:
      m_Calls: []
    m_TypeName: UnityEngine.UI.MaskableGraphic+CullStateChangedEvent, UnityEngine.UI,
      Version=1.0.0.0, Culture=neutral, PublicKeyToken=null
  m_FontData:
    m_Font: {fileID: 12800000, guid: d31338269b92cf347b7b5a94bdf756eb, type: 3}
    m_FontSize: 45
    m_FontStyle: 1
    m_BestFit: 0
    m_MinSize: 10
    m_MaxSize: 89
    m_Alignment: 4
    m_AlignByGeometry: 0
    m_RichText: 1
    m_HorizontalOverflow: 0
    m_VerticalOverflow: 0
    m_LineSpacing: 1
  m_Text: 0 / 0
--- !u!222 &440041718
CanvasRenderer:
  m_ObjectHideFlags: 0
  m_PrefabParentObject: {fileID: 222620087701667960, guid: 2f04af3b5078bf34990585d4fc83bc2c,
    type: 2}
  m_PrefabInternal: {fileID: 0}
  m_GameObject: {fileID: 440041715}
--- !u!1001 &556798242
Prefab:
  m_ObjectHideFlags: 0
  serializedVersion: 2
  m_Modification:
    m_TransformParent: {fileID: 281885825}
    m_Modifications:
    - target: {fileID: 4810240417420668, guid: 424c81ea66496ef46a9e80ae78fd6302, type: 2}
      propertyPath: m_LocalPosition.x
      value: 2
      objectReference: {fileID: 0}
    - target: {fileID: 4810240417420668, guid: 424c81ea66496ef46a9e80ae78fd6302, type: 2}
      propertyPath: m_LocalPosition.y
      value: 0
      objectReference: {fileID: 0}
    - target: {fileID: 4810240417420668, guid: 424c81ea66496ef46a9e80ae78fd6302, type: 2}
      propertyPath: m_LocalPosition.z
      value: 1
      objectReference: {fileID: 0}
    - target: {fileID: 4810240417420668, guid: 424c81ea66496ef46a9e80ae78fd6302, type: 2}
      propertyPath: m_LocalRotation.x
      value: -0
      objectReference: {fileID: 0}
    - target: {fileID: 4810240417420668, guid: 424c81ea66496ef46a9e80ae78fd6302, type: 2}
      propertyPath: m_LocalRotation.y
      value: -0
      objectReference: {fileID: 0}
    - target: {fileID: 4810240417420668, guid: 424c81ea66496ef46a9e80ae78fd6302, type: 2}
      propertyPath: m_LocalRotation.z
      value: -0
      objectReference: {fileID: 0}
    - target: {fileID: 4810240417420668, guid: 424c81ea66496ef46a9e80ae78fd6302, type: 2}
      propertyPath: m_LocalRotation.w
      value: 1
      objectReference: {fileID: 0}
    - target: {fileID: 4810240417420668, guid: 424c81ea66496ef46a9e80ae78fd6302, type: 2}
      propertyPath: m_RootOrder
      value: 4
      objectReference: {fileID: 0}
    - target: {fileID: 1984777108993052, guid: 424c81ea66496ef46a9e80ae78fd6302, type: 2}
      propertyPath: m_Name
      value: Non destroyable Grid Plane (27)
      objectReference: {fileID: 0}
    m_RemovedComponents: []
  m_ParentPrefab: {fileID: 100100000, guid: 424c81ea66496ef46a9e80ae78fd6302, type: 2}
  m_IsPrefabParent: 0
--- !u!1 &671295234
GameObject:
  m_ObjectHideFlags: 0
  m_PrefabParentObject: {fileID: 0}
  m_PrefabInternal: {fileID: 0}
  serializedVersion: 5
  m_Component:
  - component: {fileID: 671295236}
  - component: {fileID: 671295235}
  m_Layer: 0
  m_Name: Directional Light
  m_TagString: Untagged
  m_Icon: {fileID: 0}
  m_NavMeshLayer: 0
  m_StaticEditorFlags: 0
  m_IsActive: 1
--- !u!108 &671295235
Light:
  m_ObjectHideFlags: 0
  m_PrefabParentObject: {fileID: 0}
  m_PrefabInternal: {fileID: 0}
  m_GameObject: {fileID: 671295234}
  m_Enabled: 1
  serializedVersion: 7
  m_Type: 1
  m_Color: {r: 1, g: 0.95686275, b: 0.8392157, a: 1}
  m_Intensity: 1
  m_Range: 10
  m_SpotAngle: 30
  m_CookieSize: 10
  m_Shadows:
    m_Type: 2
    m_Resolution: -1
    m_CustomResolution: -1
    m_Strength: 1
    m_Bias: 0.05
    m_NormalBias: 0.4
    m_NearPlane: 0.2
  m_Cookie: {fileID: 0}
  m_DrawHalo: 0
  m_Flare: {fileID: 0}
  m_RenderMode: 0
  m_CullingMask:
    serializedVersion: 2
    m_Bits: 4294967295
  m_Lightmapping: 2
  m_AreaSize: {x: 1, y: 1}
  m_BounceIntensity: 1
  m_ShadowRadius: 0
  m_ShadowAngle: 0
--- !u!4 &671295236
Transform:
  m_ObjectHideFlags: 0
  m_PrefabParentObject: {fileID: 0}
  m_PrefabInternal: {fileID: 0}
  m_GameObject: {fileID: 671295234}
  m_LocalRotation: {x: 0.40821788, y: -0.23456968, z: 0.10938163, w: 0.8754261}
  m_LocalPosition: {x: 3, y: 1.4, z: 16.65}
  m_LocalScale: {x: 1, y: 1, z: 1}
  m_Children: []
  m_Father: {fileID: 0}
  m_RootOrder: 1
  m_LocalEulerAnglesHint: {x: 50, y: -30, z: 0}
--- !u!4 &681297687 stripped
Transform:
  m_PrefabParentObject: {fileID: 4136893012361972, guid: c5775acb357c4284f83bf3bcdea81a29,
    type: 2}
  m_PrefabInternal: {fileID: 213048749}
--- !u!1 &759693700
GameObject:
  m_ObjectHideFlags: 0
  m_PrefabParentObject: {fileID: 1877309776846832, guid: c5775acb357c4284f83bf3bcdea81a29,
    type: 2}
  m_PrefabInternal: {fileID: 0}
  serializedVersion: 5
  m_Component:
  - component: {fileID: 759693701}
  - component: {fileID: 759693704}
  - component: {fileID: 759693702}
  m_Layer: 0
  m_Name: Board (1)
  m_TagString: Untagged
  m_Icon: {fileID: 0}
  m_NavMeshLayer: 0
  m_StaticEditorFlags: 0
  m_IsActive: 1
--- !u!4 &759693701
Transform:
  m_ObjectHideFlags: 0
  m_PrefabParentObject: {fileID: 4424246831631934, guid: c5775acb357c4284f83bf3bcdea81a29,
    type: 2}
  m_PrefabInternal: {fileID: 0}
  m_GameObject: {fileID: 759693700}
  m_LocalRotation: {x: -0, y: -0, z: -0, w: 1}
  m_LocalPosition: {x: 3.5, y: -0.11, z: 0}
  m_LocalScale: {x: 2, y: 0.19999999, z: 1}
  m_Children: []
  m_Father: {fileID: 681297687}
  m_RootOrder: 2
  m_LocalEulerAnglesHint: {x: 0, y: 0, z: 0}
--- !u!23 &759693702
MeshRenderer:
  m_ObjectHideFlags: 0
  m_PrefabParentObject: {fileID: 23032697932527822, guid: c5775acb357c4284f83bf3bcdea81a29,
    type: 2}
  m_PrefabInternal: {fileID: 0}
  m_GameObject: {fileID: 759693700}
  m_Enabled: 1
  m_CastShadows: 1
  m_ReceiveShadows: 1
  m_MotionVectors: 1
  m_LightProbeUsage: 1
  m_ReflectionProbeUsage: 1
  m_Materials:
  - {fileID: 2100000, guid: 496af15a715d9ff46b5815c407b366c9, type: 2}
  m_StaticBatchInfo:
    firstSubMesh: 0
    subMeshCount: 0
  m_StaticBatchRoot: {fileID: 0}
  m_ProbeAnchor: {fileID: 0}
  m_LightProbeVolumeOverride: {fileID: 0}
  m_ScaleInLightmap: 1
  m_PreserveUVs: 1
  m_IgnoreNormalsForChartDetection: 0
  m_ImportantGI: 0
  m_SelectedEditorRenderState: 3
  m_MinimumChartSize: 4
  m_AutoUVMaxDistance: 0.5
  m_AutoUVMaxAngle: 89
  m_LightmapParameters: {fileID: 0}
  m_SortingLayerID: 0
  m_SortingOrder: 0
--- !u!33 &759693704
MeshFilter:
  m_ObjectHideFlags: 0
  m_PrefabParentObject: {fileID: 33493171844464408, guid: c5775acb357c4284f83bf3bcdea81a29,
    type: 2}
  m_PrefabInternal: {fileID: 0}
  m_GameObject: {fileID: 759693700}
  m_Mesh: {fileID: 10202, guid: 0000000000000000e000000000000000, type: 0}
--- !u!1 &779323117
GameObject:
  m_ObjectHideFlags: 0
  m_PrefabParentObject: {fileID: 1015932342721448, guid: c5775acb357c4284f83bf3bcdea81a29,
    type: 2}
  m_PrefabInternal: {fileID: 0}
  serializedVersion: 5
  m_Component:
  - component: {fileID: 779323118}
  - component: {fileID: 779323121}
  - component: {fileID: 779323119}
  m_Layer: 0
  m_Name: Stick (1)
  m_TagString: Untagged
  m_Icon: {fileID: 0}
  m_NavMeshLayer: 0
  m_StaticEditorFlags: 0
  m_IsActive: 1
--- !u!4 &779323118
Transform:
  m_ObjectHideFlags: 0
  m_PrefabParentObject: {fileID: 4851869480228112, guid: c5775acb357c4284f83bf3bcdea81a29,
    type: 2}
  m_PrefabInternal: {fileID: 0}
  m_GameObject: {fileID: 779323117}
  m_LocalRotation: {x: -0, y: -0, z: -0, w: 1}
  m_LocalPosition: {x: 6, y: -2.06, z: 2}
  m_LocalScale: {x: 1, y: 2, z: 1}
  m_Children: []
  m_Father: {fileID: 681297687}
  m_RootOrder: 4
  m_LocalEulerAnglesHint: {x: 0, y: 0, z: 0}
--- !u!23 &779323119
MeshRenderer:
  m_ObjectHideFlags: 0
  m_PrefabParentObject: {fileID: 23954213579944230, guid: c5775acb357c4284f83bf3bcdea81a29,
    type: 2}
  m_PrefabInternal: {fileID: 0}
  m_GameObject: {fileID: 779323117}
  m_Enabled: 1
  m_CastShadows: 1
  m_ReceiveShadows: 1
  m_MotionVectors: 1
  m_LightProbeUsage: 1
  m_ReflectionProbeUsage: 1
  m_Materials:
  - {fileID: 2100000, guid: 2dab8d5a7ce68f546815870d7eacb7a3, type: 2}
  m_StaticBatchInfo:
    firstSubMesh: 0
    subMeshCount: 0
  m_StaticBatchRoot: {fileID: 0}
  m_ProbeAnchor: {fileID: 0}
  m_LightProbeVolumeOverride: {fileID: 0}
  m_ScaleInLightmap: 1
  m_PreserveUVs: 1
  m_IgnoreNormalsForChartDetection: 0
  m_ImportantGI: 0
  m_SelectedEditorRenderState: 3
  m_MinimumChartSize: 4
  m_AutoUVMaxDistance: 0.5
  m_AutoUVMaxAngle: 89
  m_LightmapParameters: {fileID: 0}
  m_SortingLayerID: 0
  m_SortingOrder: 0
--- !u!33 &779323121
MeshFilter:
  m_ObjectHideFlags: 0
  m_PrefabParentObject: {fileID: 33031101164447230, guid: c5775acb357c4284f83bf3bcdea81a29,
    type: 2}
  m_PrefabInternal: {fileID: 0}
  m_GameObject: {fileID: 779323117}
  m_Mesh: {fileID: 10206, guid: 0000000000000000e000000000000000, type: 0}
--- !u!1 &782191601
GameObject:
  m_ObjectHideFlags: 0
  m_PrefabParentObject: {fileID: 0}
  m_PrefabInternal: {fileID: 0}
  serializedVersion: 5
  m_Component:
  - component: {fileID: 782191604}
  - component: {fileID: 782191603}
  - component: {fileID: 782191602}
  m_Layer: 0
  m_Name: EventSystem
  m_TagString: Untagged
  m_Icon: {fileID: 0}
  m_NavMeshLayer: 0
  m_StaticEditorFlags: 0
  m_IsActive: 1
--- !u!114 &782191602
MonoBehaviour:
  m_ObjectHideFlags: 0
  m_PrefabParentObject: {fileID: 0}
  m_PrefabInternal: {fileID: 0}
  m_GameObject: {fileID: 782191601}
  m_Enabled: 1
  m_EditorHideFlags: 0
  m_Script: {fileID: 1077351063, guid: f70555f144d8491a825f0804e09c671c, type: 3}
  m_Name: 
  m_EditorClassIdentifier: 
  m_HorizontalAxis: Horizontal
  m_VerticalAxis: Vertical
  m_SubmitButton: Submit
  m_CancelButton: Cancel
  m_InputActionsPerSecond: 10
  m_RepeatDelay: 0.5
  m_ForceModuleActive: 0
--- !u!114 &782191603
MonoBehaviour:
  m_ObjectHideFlags: 0
  m_PrefabParentObject: {fileID: 0}
  m_PrefabInternal: {fileID: 0}
  m_GameObject: {fileID: 782191601}
  m_Enabled: 1
  m_EditorHideFlags: 0
  m_Script: {fileID: -619905303, guid: f70555f144d8491a825f0804e09c671c, type: 3}
  m_Name: 
  m_EditorClassIdentifier: 
  m_FirstSelected: {fileID: 0}
  m_sendNavigationEvents: 1
  m_DragThreshold: 5
--- !u!4 &782191604
Transform:
  m_ObjectHideFlags: 0
  m_PrefabParentObject: {fileID: 0}
  m_PrefabInternal: {fileID: 0}
  m_GameObject: {fileID: 782191601}
  m_LocalRotation: {x: 0, y: 0, z: 0, w: 1}
  m_LocalPosition: {x: 0, y: 0, z: 0}
  m_LocalScale: {x: 1, y: 1, z: 1}
  m_Children: []
  m_Father: {fileID: 0}
  m_RootOrder: 7
  m_LocalEulerAnglesHint: {x: 0, y: 0, z: 0}
--- !u!1 &805663405
GameObject:
  m_ObjectHideFlags: 0
  m_PrefabParentObject: {fileID: 1592792040691062, guid: 2f04af3b5078bf34990585d4fc83bc2c,
    type: 2}
  m_PrefabInternal: {fileID: 0}
  serializedVersion: 5
  m_Component:
  - component: {fileID: 805663406}
  - component: {fileID: 805663408}
  - component: {fileID: 805663407}
  m_Layer: 5
  m_Name: Pawn counter background
  m_TagString: Untagged
  m_Icon: {fileID: 0}
  m_NavMeshLayer: 0
  m_StaticEditorFlags: 0
  m_IsActive: 1
--- !u!224 &805663406
RectTransform:
  m_ObjectHideFlags: 0
  m_PrefabParentObject: {fileID: 224423595509606010, guid: 2f04af3b5078bf34990585d4fc83bc2c,
    type: 2}
  m_PrefabInternal: {fileID: 0}
  m_GameObject: {fileID: 805663405}
  m_LocalRotation: {x: -0, y: -0, z: -0, w: 1}
  m_LocalPosition: {x: 0, y: 0, z: 0}
  m_LocalScale: {x: 1, y: 1, z: 1}
  m_Children: []
  m_Father: {fileID: 254537265}
  m_RootOrder: 0
  m_LocalEulerAnglesHint: {x: 0, y: 0, z: 0}
  m_AnchorMin: {x: 1, y: 1}
  m_AnchorMax: {x: 1, y: 1}
  m_AnchoredPosition: {x: 0, y: 0}
  m_SizeDelta: {x: 225.09998, y: 89.5}
  m_Pivot: {x: 1, y: 1}
--- !u!114 &805663407
MonoBehaviour:
  m_ObjectHideFlags: 0
  m_PrefabParentObject: {fileID: 114242751035342104, guid: 2f04af3b5078bf34990585d4fc83bc2c,
    type: 2}
  m_PrefabInternal: {fileID: 0}
  m_GameObject: {fileID: 805663405}
  m_Enabled: 1
  m_EditorHideFlags: 0
  m_Script: {fileID: -765806418, guid: f70555f144d8491a825f0804e09c671c, type: 3}
  m_Name: 
  m_EditorClassIdentifier: 
  m_Material: {fileID: 0}
  m_Color: {r: 0, g: 0, b: 0, a: 0.54901963}
  m_RaycastTarget: 1
  m_OnCullStateChanged:
    m_PersistentCalls:
      m_Calls: []
    m_TypeName: UnityEngine.UI.MaskableGraphic+CullStateChangedEvent, UnityEngine.UI,
      Version=1.0.0.0, Culture=neutral, PublicKeyToken=null
  m_Sprite: {fileID: 10907, guid: 0000000000000000f000000000000000, type: 0}
  m_Type: 1
  m_PreserveAspect: 0
  m_FillCenter: 1
  m_FillMethod: 4
  m_FillAmount: 1
  m_FillClockwise: 1
  m_FillOrigin: 0
--- !u!222 &805663408
CanvasRenderer:
  m_ObjectHideFlags: 0
  m_PrefabParentObject: {fileID: 222743924235555906, guid: 2f04af3b5078bf34990585d4fc83bc2c,
    type: 2}
  m_PrefabInternal: {fileID: 0}
  m_GameObject: {fileID: 805663405}
--- !u!1 &813681958
GameObject:
  m_ObjectHideFlags: 0
  m_PrefabParentObject: {fileID: 1274941916277312, guid: 2f04af3b5078bf34990585d4fc83bc2c,
    type: 2}
  m_PrefabInternal: {fileID: 0}
  serializedVersion: 5
  m_Component:
  - component: {fileID: 813681962}
  - component: {fileID: 813681961}
  - component: {fileID: 813681960}
  - component: {fileID: 813681959}
  m_Layer: 5
  m_Name: Canvas
  m_TagString: Untagged
  m_Icon: {fileID: 0}
  m_NavMeshLayer: 0
  m_StaticEditorFlags: 0
  m_IsActive: 1
--- !u!114 &813681959
MonoBehaviour:
  m_ObjectHideFlags: 0
  m_PrefabParentObject: {fileID: 114260812592106630, guid: 2f04af3b5078bf34990585d4fc83bc2c,
    type: 2}
  m_PrefabInternal: {fileID: 0}
  m_GameObject: {fileID: 813681958}
  m_Enabled: 1
  m_EditorHideFlags: 0
  m_Script: {fileID: 1301386320, guid: f70555f144d8491a825f0804e09c671c, type: 3}
  m_Name: 
  m_EditorClassIdentifier: 
  m_IgnoreReversedGraphics: 1
  m_BlockingObjects: 0
  m_BlockingMask:
    serializedVersion: 2
    m_Bits: 4294967295
--- !u!114 &813681960
MonoBehaviour:
  m_ObjectHideFlags: 0
  m_PrefabParentObject: {fileID: 114396486148863710, guid: 2f04af3b5078bf34990585d4fc83bc2c,
    type: 2}
  m_PrefabInternal: {fileID: 0}
  m_GameObject: {fileID: 813681958}
  m_Enabled: 1
  m_EditorHideFlags: 0
  m_Script: {fileID: 1980459831, guid: f70555f144d8491a825f0804e09c671c, type: 3}
  m_Name: 
  m_EditorClassIdentifier: 
  m_UiScaleMode: 1
  m_ReferencePixelsPerUnit: 100
  m_ScaleFactor: 1
  m_ReferenceResolution: {x: 1280, y: 720}
  m_ScreenMatchMode: 2
  m_MatchWidthOrHeight: 0
  m_PhysicalUnit: 3
  m_FallbackScreenDPI: 96
  m_DefaultSpriteDPI: 96
  m_DynamicPixelsPerUnit: 1
--- !u!223 &813681961
Canvas:
  m_ObjectHideFlags: 0
  m_PrefabParentObject: {fileID: 223949288976668248, guid: 2f04af3b5078bf34990585d4fc83bc2c,
    type: 2}
  m_PrefabInternal: {fileID: 0}
  m_GameObject: {fileID: 813681958}
  m_Enabled: 1
  serializedVersion: 2
  m_RenderMode: 0
  m_Camera: {fileID: 0}
  m_PlaneDistance: 100
  m_PixelPerfect: 0
  m_ReceivesEvents: 1
  m_OverrideSorting: 0
  m_OverridePixelPerfect: 0
  m_SortingBucketNormalizedSize: 0
  m_SortingLayerID: 0
  m_SortingOrder: 0
  m_TargetDisplay: 0
--- !u!224 &813681962
RectTransform:
  m_ObjectHideFlags: 0
  m_PrefabParentObject: {fileID: 224663426041028538, guid: 2f04af3b5078bf34990585d4fc83bc2c,
    type: 2}
  m_PrefabInternal: {fileID: 0}
  m_GameObject: {fileID: 813681958}
  m_LocalRotation: {x: 0, y: 0, z: 0, w: 1}
  m_LocalPosition: {x: 0, y: 0, z: 0}
  m_LocalScale: {x: 0, y: 0, z: 0}
  m_Children:
  - {fileID: 1007315956}
  - {fileID: 254537265}
  - {fileID: 1917430535}
  m_Father: {fileID: 0}
  m_RootOrder: 6
  m_LocalEulerAnglesHint: {x: 0, y: 0, z: 0}
  m_AnchorMin: {x: 0, y: 0}
  m_AnchorMax: {x: 0, y: 0}
  m_AnchoredPosition: {x: 0, y: 0}
  m_SizeDelta: {x: 0, y: 0}
  m_Pivot: {x: 0, y: 0}
--- !u!1 &826133685
GameObject:
  m_ObjectHideFlags: 0
  m_PrefabParentObject: {fileID: 0}
  m_PrefabInternal: {fileID: 0}
  serializedVersion: 5
  m_Component:
  - component: {fileID: 826133686}
  m_Layer: 0
  m_Name: Elements
  m_TagString: Untagged
  m_Icon: {fileID: 0}
  m_NavMeshLayer: 0
  m_StaticEditorFlags: 0
  m_IsActive: 1
--- !u!4 &826133686
Transform:
  m_ObjectHideFlags: 0
  m_PrefabParentObject: {fileID: 0}
  m_PrefabInternal: {fileID: 0}
  m_GameObject: {fileID: 826133685}
  m_LocalRotation: {x: 0, y: 0, z: 0, w: 1}
  m_LocalPosition: {x: 0, y: 0, z: 0}
  m_LocalScale: {x: 1, y: 1, z: 1}
  m_Children:
  - {fileID: 1262557393}
  - {fileID: 1007299831}
  - {fileID: 1748256038}
  - {fileID: 192081627}
  - {fileID: 15949029}
  - {fileID: 1521316178}
  m_Father: {fileID: 0}
  m_RootOrder: 4
  m_LocalEulerAnglesHint: {x: 0, y: 0, z: 0}
--- !u!1001 &966103220
Prefab:
  m_ObjectHideFlags: 0
  serializedVersion: 2
  m_Modification:
    m_TransformParent: {fileID: 281885825}
    m_Modifications:
    - target: {fileID: 4810240417420668, guid: 424c81ea66496ef46a9e80ae78fd6302, type: 2}
      propertyPath: m_LocalPosition.x
      value: 4
      objectReference: {fileID: 0}
    - target: {fileID: 4810240417420668, guid: 424c81ea66496ef46a9e80ae78fd6302, type: 2}
      propertyPath: m_LocalPosition.y
      value: 0
      objectReference: {fileID: 0}
    - target: {fileID: 4810240417420668, guid: 424c81ea66496ef46a9e80ae78fd6302, type: 2}
      propertyPath: m_LocalPosition.z
      value: 0
      objectReference: {fileID: 0}
    - target: {fileID: 4810240417420668, guid: 424c81ea66496ef46a9e80ae78fd6302, type: 2}
      propertyPath: m_LocalRotation.x
      value: -0
      objectReference: {fileID: 0}
    - target: {fileID: 4810240417420668, guid: 424c81ea66496ef46a9e80ae78fd6302, type: 2}
      propertyPath: m_LocalRotation.y
      value: -0
      objectReference: {fileID: 0}
    - target: {fileID: 4810240417420668, guid: 424c81ea66496ef46a9e80ae78fd6302, type: 2}
      propertyPath: m_LocalRotation.z
      value: -0
      objectReference: {fileID: 0}
    - target: {fileID: 4810240417420668, guid: 424c81ea66496ef46a9e80ae78fd6302, type: 2}
      propertyPath: m_LocalRotation.w
      value: 1
      objectReference: {fileID: 0}
    - target: {fileID: 4810240417420668, guid: 424c81ea66496ef46a9e80ae78fd6302, type: 2}
      propertyPath: m_RootOrder
      value: 0
      objectReference: {fileID: 0}
    - target: {fileID: 1984777108993052, guid: 424c81ea66496ef46a9e80ae78fd6302, type: 2}
      propertyPath: m_Name
      value: Non destroyable Grid Plane (17)
      objectReference: {fileID: 0}
    m_RemovedComponents: []
  m_ParentPrefab: {fileID: 100100000, guid: 424c81ea66496ef46a9e80ae78fd6302, type: 2}
  m_IsPrefabParent: 0
--- !u!1 &972616879
GameObject:
  m_ObjectHideFlags: 0
  m_PrefabParentObject: {fileID: 1411208488500106, guid: 2f04af3b5078bf34990585d4fc83bc2c,
    type: 2}
  m_PrefabInternal: {fileID: 0}
  serializedVersion: 5
  m_Component:
  - component: {fileID: 972616880}
  - component: {fileID: 972616882}
  - component: {fileID: 972616881}
  m_Layer: 5
  m_Name: Power Text
  m_TagString: Untagged
  m_Icon: {fileID: 0}
  m_NavMeshLayer: 0
  m_StaticEditorFlags: 0
  m_IsActive: 1
--- !u!224 &972616880
RectTransform:
  m_ObjectHideFlags: 0
  m_PrefabParentObject: {fileID: 224618610357917470, guid: 2f04af3b5078bf34990585d4fc83bc2c,
    type: 2}
  m_PrefabInternal: {fileID: 0}
  m_GameObject: {fileID: 972616879}
  m_LocalRotation: {x: -0, y: -0, z: -0, w: 1}
  m_LocalPosition: {x: 0, y: 0, z: 0}
  m_LocalScale: {x: 1, y: 1, z: 1}
  m_Children: []
  m_Father: {fileID: 2005649020}
  m_RootOrder: 0
  m_LocalEulerAnglesHint: {x: 0, y: 0, z: 0}
  m_AnchorMin: {x: 0.5, y: 0.5}
  m_AnchorMax: {x: 0.5, y: 0.5}
  m_AnchoredPosition: {x: -105.2, y: 0.0000076293945}
  m_SizeDelta: {x: 138.5, y: 84}
  m_Pivot: {x: 0.5, y: 0.5}
--- !u!114 &972616881
MonoBehaviour:
  m_ObjectHideFlags: 0
  m_PrefabParentObject: {fileID: 114025283444046006, guid: 2f04af3b5078bf34990585d4fc83bc2c,
    type: 2}
  m_PrefabInternal: {fileID: 0}
  m_GameObject: {fileID: 972616879}
  m_Enabled: 1
  m_EditorHideFlags: 0
  m_Script: {fileID: 708705254, guid: f70555f144d8491a825f0804e09c671c, type: 3}
  m_Name: 
  m_EditorClassIdentifier: 
  m_Material: {fileID: 0}
  m_Color: {r: 0.022058845, g: 0.928, b: 0, a: 1}
  m_RaycastTarget: 1
  m_OnCullStateChanged:
    m_PersistentCalls:
      m_Calls: []
    m_TypeName: UnityEngine.UI.MaskableGraphic+CullStateChangedEvent, UnityEngine.UI,
      Version=1.0.0.0, Culture=neutral, PublicKeyToken=null
  m_FontData:
    m_Font: {fileID: 12800000, guid: d31338269b92cf347b7b5a94bdf756eb, type: 3}
    m_FontSize: 36
    m_FontStyle: 0
    m_BestFit: 0
    m_MinSize: 10
    m_MaxSize: 42
    m_Alignment: 4
    m_AlignByGeometry: 0
    m_RichText: 1
    m_HorizontalOverflow: 0
    m_VerticalOverflow: 0
    m_LineSpacing: 1
  m_Text: POWER
--- !u!222 &972616882
CanvasRenderer:
  m_ObjectHideFlags: 0
  m_PrefabParentObject: {fileID: 222146337310748138, guid: 2f04af3b5078bf34990585d4fc83bc2c,
    type: 2}
  m_PrefabInternal: {fileID: 0}
  m_GameObject: {fileID: 972616879}
--- !u!1001 &1007299830
Prefab:
  m_ObjectHideFlags: 0
  serializedVersion: 2
  m_Modification:
    m_TransformParent: {fileID: 826133686}
    m_Modifications:
    - target: {fileID: 4573716714506636, guid: 8fef465943671134fa7c2d7d4f62dd9d, type: 2}
      propertyPath: m_LocalPosition.x
      value: 5
      objectReference: {fileID: 0}
    - target: {fileID: 4573716714506636, guid: 8fef465943671134fa7c2d7d4f62dd9d, type: 2}
      propertyPath: m_LocalPosition.y
      value: 0
      objectReference: {fileID: 0}
    - target: {fileID: 4573716714506636, guid: 8fef465943671134fa7c2d7d4f62dd9d, type: 2}
      propertyPath: m_LocalPosition.z
      value: 2
      objectReference: {fileID: 0}
    - target: {fileID: 4573716714506636, guid: 8fef465943671134fa7c2d7d4f62dd9d, type: 2}
      propertyPath: m_LocalRotation.x
      value: -0
      objectReference: {fileID: 0}
    - target: {fileID: 4573716714506636, guid: 8fef465943671134fa7c2d7d4f62dd9d, type: 2}
      propertyPath: m_LocalRotation.y
      value: -0
      objectReference: {fileID: 0}
    - target: {fileID: 4573716714506636, guid: 8fef465943671134fa7c2d7d4f62dd9d, type: 2}
      propertyPath: m_LocalRotation.z
      value: -0
      objectReference: {fileID: 0}
    - target: {fileID: 4573716714506636, guid: 8fef465943671134fa7c2d7d4f62dd9d, type: 2}
      propertyPath: m_LocalRotation.w
      value: 1
      objectReference: {fileID: 0}
    - target: {fileID: 4573716714506636, guid: 8fef465943671134fa7c2d7d4f62dd9d, type: 2}
      propertyPath: m_RootOrder
      value: 1
      objectReference: {fileID: 0}
    - target: {fileID: 1548563460758290, guid: 8fef465943671134fa7c2d7d4f62dd9d, type: 2}
      propertyPath: m_Name
      value: Pawn (1)
      objectReference: {fileID: 0}
    m_RemovedComponents: []
  m_ParentPrefab: {fileID: 100100000, guid: 8fef465943671134fa7c2d7d4f62dd9d, type: 2}
  m_IsPrefabParent: 0
--- !u!4 &1007299831 stripped
Transform:
  m_PrefabParentObject: {fileID: 4573716714506636, guid: 8fef465943671134fa7c2d7d4f62dd9d,
    type: 2}
  m_PrefabInternal: {fileID: 1007299830}
--- !u!1 &1007315955
GameObject:
  m_ObjectHideFlags: 0
  m_PrefabParentObject: {fileID: 1331550267612638, guid: 2f04af3b5078bf34990585d4fc83bc2c,
    type: 2}
  m_PrefabInternal: {fileID: 0}
  serializedVersion: 5
  m_Component:
  - component: {fileID: 1007315956}
  m_Layer: 5
  m_Name: Power
  m_TagString: Untagged
  m_Icon: {fileID: 0}
  m_NavMeshLayer: 0
  m_StaticEditorFlags: 0
  m_IsActive: 1
--- !u!224 &1007315956
RectTransform:
  m_ObjectHideFlags: 0
  m_PrefabParentObject: {fileID: 224233070614717266, guid: 2f04af3b5078bf34990585d4fc83bc2c,
    type: 2}
  m_PrefabInternal: {fileID: 0}
  m_GameObject: {fileID: 1007315955}
  m_LocalRotation: {x: 0, y: 0, z: 0, w: 1}
  m_LocalPosition: {x: 0, y: 0, z: 0}
  m_LocalScale: {x: 1, y: 1, z: 1}
  m_Children:
  - {fileID: 1820348990}
  - {fileID: 2005649020}
  m_Father: {fileID: 813681962}
  m_RootOrder: 0
  m_LocalEulerAnglesHint: {x: 0, y: 0, z: 0}
  m_AnchorMin: {x: 1, y: 0}
  m_AnchorMax: {x: 1, y: 0}
  m_AnchoredPosition: {x: -11.900024, y: 19.399994}
  m_SizeDelta: {x: 100, y: 100}
  m_Pivot: {x: 1, y: 0}
--- !u!1 &1016155796
GameObject:
  m_ObjectHideFlags: 0
  m_PrefabParentObject: {fileID: 1262068140919320, guid: 2f04af3b5078bf34990585d4fc83bc2c,
    type: 2}
  m_PrefabInternal: {fileID: 0}
  serializedVersion: 5
  m_Component:
  - component: {fileID: 1016155797}
  - component: {fileID: 1016155799}
  - component: {fileID: 1016155798}
  m_Layer: 5
  m_Name: Pawn Image
  m_TagString: Untagged
  m_Icon: {fileID: 0}
  m_NavMeshLayer: 0
  m_StaticEditorFlags: 0
  m_IsActive: 1
--- !u!224 &1016155797
RectTransform:
  m_ObjectHideFlags: 0
  m_PrefabParentObject: {fileID: 224398641144806314, guid: 2f04af3b5078bf34990585d4fc83bc2c,
    type: 2}
  m_PrefabInternal: {fileID: 0}
  m_GameObject: {fileID: 1016155796}
  m_LocalRotation: {x: -0, y: -0, z: -0, w: 1}
  m_LocalPosition: {x: 0, y: 0, z: 0}
  m_LocalScale: {x: 1, y: 1, z: 1}
  m_Children: []
  m_Father: {fileID: 440041716}
  m_RootOrder: 0
  m_LocalEulerAnglesHint: {x: 0, y: 0, z: 0}
  m_AnchorMin: {x: 1, y: 1}
  m_AnchorMax: {x: 1, y: 1}
  m_AnchoredPosition: {x: -163.3, y: -7.2}
  m_SizeDelta: {x: 47.8, y: 72.4}
  m_Pivot: {x: 1, y: 1}
--- !u!114 &1016155798
MonoBehaviour:
  m_ObjectHideFlags: 0
  m_PrefabParentObject: {fileID: 114733299475513458, guid: 2f04af3b5078bf34990585d4fc83bc2c,
    type: 2}
  m_PrefabInternal: {fileID: 0}
  m_GameObject: {fileID: 1016155796}
  m_Enabled: 1
  m_EditorHideFlags: 0
  m_Script: {fileID: -765806418, guid: f70555f144d8491a825f0804e09c671c, type: 3}
  m_Name: 
  m_EditorClassIdentifier: 
  m_Material: {fileID: 0}
  m_Color: {r: 1, g: 1, b: 1, a: 1}
  m_RaycastTarget: 1
  m_OnCullStateChanged:
    m_PersistentCalls:
      m_Calls: []
    m_TypeName: UnityEngine.UI.MaskableGraphic+CullStateChangedEvent, UnityEngine.UI,
      Version=1.0.0.0, Culture=neutral, PublicKeyToken=null
  m_Sprite: {fileID: 21300000, guid: 44418e70144730841b09fce740eb4c71, type: 3}
  m_Type: 0
  m_PreserveAspect: 0
  m_FillCenter: 1
  m_FillMethod: 4
  m_FillAmount: 1
  m_FillClockwise: 1
  m_FillOrigin: 0
--- !u!222 &1016155799
CanvasRenderer:
  m_ObjectHideFlags: 0
  m_PrefabParentObject: {fileID: 222381538350851878, guid: 2f04af3b5078bf34990585d4fc83bc2c,
    type: 2}
  m_PrefabInternal: {fileID: 0}
  m_GameObject: {fileID: 1016155796}
--- !u!1 &1056087277
GameObject:
  m_ObjectHideFlags: 0
  m_PrefabParentObject: {fileID: 1745123798708326, guid: 2f04af3b5078bf34990585d4fc83bc2c,
    type: 2}
  m_PrefabInternal: {fileID: 0}
  serializedVersion: 5
  m_Component:
  - component: {fileID: 1056087278}
  - component: {fileID: 1056087280}
  - component: {fileID: 1056087279}
  m_Layer: 5
  m_Name: Minimap background
  m_TagString: Untagged
  m_Icon: {fileID: 0}
  m_NavMeshLayer: 0
  m_StaticEditorFlags: 0
  m_IsActive: 1
--- !u!224 &1056087278
RectTransform:
  m_ObjectHideFlags: 0
  m_PrefabParentObject: {fileID: 224797575074944664, guid: 2f04af3b5078bf34990585d4fc83bc2c,
    type: 2}
  m_PrefabInternal: {fileID: 0}
  m_GameObject: {fileID: 1056087277}
  m_LocalRotation: {x: -0, y: -0, z: -0, w: 1}
  m_LocalPosition: {x: 0, y: 0, z: 0}
  m_LocalScale: {x: 0.7, y: 1, z: 1}
  m_Children: []
  m_Father: {fileID: 1917430535}
  m_RootOrder: 0
  m_LocalEulerAnglesHint: {x: 0, y: 0, z: 0}
  m_AnchorMin: {x: 0, y: 1}
  m_AnchorMax: {x: 0, y: 1}
  m_AnchoredPosition: {x: 0.0000023842, y: -19.6}
  m_SizeDelta: {x: 177.71, y: 117.8}
  m_Pivot: {x: 0, y: 1}
--- !u!114 &1056087279
MonoBehaviour:
  m_ObjectHideFlags: 0
  m_PrefabParentObject: {fileID: 114871423469285104, guid: 2f04af3b5078bf34990585d4fc83bc2c,
    type: 2}
  m_PrefabInternal: {fileID: 0}
  m_GameObject: {fileID: 1056087277}
  m_Enabled: 1
  m_EditorHideFlags: 0
  m_Script: {fileID: -765806418, guid: f70555f144d8491a825f0804e09c671c, type: 3}
  m_Name: 
  m_EditorClassIdentifier: 
  m_Material: {fileID: 0}
  m_Color: {r: 0, g: 0, b: 0, a: 0.54901963}
  m_RaycastTarget: 1
  m_OnCullStateChanged:
    m_PersistentCalls:
      m_Calls: []
    m_TypeName: UnityEngine.UI.MaskableGraphic+CullStateChangedEvent, UnityEngine.UI,
      Version=1.0.0.0, Culture=neutral, PublicKeyToken=null
  m_Sprite: {fileID: 10907, guid: 0000000000000000f000000000000000, type: 0}
  m_Type: 1
  m_PreserveAspect: 0
  m_FillCenter: 1
  m_FillMethod: 4
  m_FillAmount: 1
  m_FillClockwise: 1
  m_FillOrigin: 0
--- !u!222 &1056087280
CanvasRenderer:
  m_ObjectHideFlags: 0
  m_PrefabParentObject: {fileID: 222416098497074118, guid: 2f04af3b5078bf34990585d4fc83bc2c,
    type: 2}
  m_PrefabInternal: {fileID: 0}
  m_GameObject: {fileID: 1056087277}
--- !u!1001 &1126232345
Prefab:
  m_ObjectHideFlags: 0
  serializedVersion: 2
  m_Modification:
    m_TransformParent: {fileID: 281885825}
    m_Modifications:
    - target: {fileID: 4810240417420668, guid: 424c81ea66496ef46a9e80ae78fd6302, type: 2}
      propertyPath: m_LocalPosition.x
      value: 4
      objectReference: {fileID: 0}
    - target: {fileID: 4810240417420668, guid: 424c81ea66496ef46a9e80ae78fd6302, type: 2}
      propertyPath: m_LocalPosition.y
      value: 0
      objectReference: {fileID: 0}
    - target: {fileID: 4810240417420668, guid: 424c81ea66496ef46a9e80ae78fd6302, type: 2}
      propertyPath: m_LocalPosition.z
      value: 1
      objectReference: {fileID: 0}
    - target: {fileID: 4810240417420668, guid: 424c81ea66496ef46a9e80ae78fd6302, type: 2}
      propertyPath: m_LocalRotation.x
      value: -0
      objectReference: {fileID: 0}
    - target: {fileID: 4810240417420668, guid: 424c81ea66496ef46a9e80ae78fd6302, type: 2}
      propertyPath: m_LocalRotation.y
      value: -0
      objectReference: {fileID: 0}
    - target: {fileID: 4810240417420668, guid: 424c81ea66496ef46a9e80ae78fd6302, type: 2}
      propertyPath: m_LocalRotation.z
      value: -0
      objectReference: {fileID: 0}
    - target: {fileID: 4810240417420668, guid: 424c81ea66496ef46a9e80ae78fd6302, type: 2}
      propertyPath: m_LocalRotation.w
      value: 1
      objectReference: {fileID: 0}
    - target: {fileID: 4810240417420668, guid: 424c81ea66496ef46a9e80ae78fd6302, type: 2}
      propertyPath: m_RootOrder
      value: 11
      objectReference: {fileID: 0}
    - target: {fileID: 1984777108993052, guid: 424c81ea66496ef46a9e80ae78fd6302, type: 2}
      propertyPath: m_Name
      value: Non destroyable Grid Plane (36)
      objectReference: {fileID: 0}
    m_RemovedComponents: []
  m_ParentPrefab: {fileID: 100100000, guid: 424c81ea66496ef46a9e80ae78fd6302, type: 2}
  m_IsPrefabParent: 0
--- !u!1001 &1219267451
Prefab:
  m_ObjectHideFlags: 0
  serializedVersion: 2
  m_Modification:
    m_TransformParent: {fileID: 281885825}
    m_Modifications:
    - target: {fileID: 4810240417420668, guid: 424c81ea66496ef46a9e80ae78fd6302, type: 2}
      propertyPath: m_LocalPosition.x
      value: 4
      objectReference: {fileID: 0}
    - target: {fileID: 4810240417420668, guid: 424c81ea66496ef46a9e80ae78fd6302, type: 2}
      propertyPath: m_LocalPosition.y
      value: 0
      objectReference: {fileID: 0}
    - target: {fileID: 4810240417420668, guid: 424c81ea66496ef46a9e80ae78fd6302, type: 2}
      propertyPath: m_LocalPosition.z
      value: 2
      objectReference: {fileID: 0}
    - target: {fileID: 4810240417420668, guid: 424c81ea66496ef46a9e80ae78fd6302, type: 2}
      propertyPath: m_LocalRotation.x
      value: -0
      objectReference: {fileID: 0}
    - target: {fileID: 4810240417420668, guid: 424c81ea66496ef46a9e80ae78fd6302, type: 2}
      propertyPath: m_LocalRotation.y
      value: -0
      objectReference: {fileID: 0}
    - target: {fileID: 4810240417420668, guid: 424c81ea66496ef46a9e80ae78fd6302, type: 2}
      propertyPath: m_LocalRotation.z
      value: -0
      objectReference: {fileID: 0}
    - target: {fileID: 4810240417420668, guid: 424c81ea66496ef46a9e80ae78fd6302, type: 2}
      propertyPath: m_LocalRotation.w
      value: 1
      objectReference: {fileID: 0}
    - target: {fileID: 4810240417420668, guid: 424c81ea66496ef46a9e80ae78fd6302, type: 2}
      propertyPath: m_RootOrder
      value: 8
      objectReference: {fileID: 0}
    - target: {fileID: 1984777108993052, guid: 424c81ea66496ef46a9e80ae78fd6302, type: 2}
      propertyPath: m_Name
      value: Non destroyable Grid Plane (33)
      objectReference: {fileID: 0}
    m_RemovedComponents: []
  m_ParentPrefab: {fileID: 100100000, guid: 424c81ea66496ef46a9e80ae78fd6302, type: 2}
  m_IsPrefabParent: 0
--- !u!1001 &1262557392
Prefab:
  m_ObjectHideFlags: 0
  serializedVersion: 2
  m_Modification:
    m_TransformParent: {fileID: 826133686}
    m_Modifications:
    - target: {fileID: 4893027002068250, guid: b815453c0d4c3704f83f01002f7c9f51, type: 2}
      propertyPath: m_LocalPosition.x
      value: 4
      objectReference: {fileID: 0}
    - target: {fileID: 4893027002068250, guid: b815453c0d4c3704f83f01002f7c9f51, type: 2}
      propertyPath: m_LocalPosition.y
      value: 0
      objectReference: {fileID: 0}
    - target: {fileID: 4893027002068250, guid: b815453c0d4c3704f83f01002f7c9f51, type: 2}
      propertyPath: m_LocalPosition.z
      value: 0
      objectReference: {fileID: 0}
    - target: {fileID: 4893027002068250, guid: b815453c0d4c3704f83f01002f7c9f51, type: 2}
      propertyPath: m_LocalRotation.x
      value: 0
      objectReference: {fileID: 0}
    - target: {fileID: 4893027002068250, guid: b815453c0d4c3704f83f01002f7c9f51, type: 2}
      propertyPath: m_LocalRotation.y
      value: 0
      objectReference: {fileID: 0}
    - target: {fileID: 4893027002068250, guid: b815453c0d4c3704f83f01002f7c9f51, type: 2}
      propertyPath: m_LocalRotation.z
      value: 0
      objectReference: {fileID: 0}
    - target: {fileID: 4893027002068250, guid: b815453c0d4c3704f83f01002f7c9f51, type: 2}
      propertyPath: m_LocalRotation.w
      value: 1
      objectReference: {fileID: 0}
    - target: {fileID: 4893027002068250, guid: b815453c0d4c3704f83f01002f7c9f51, type: 2}
      propertyPath: m_RootOrder
      value: 0
      objectReference: {fileID: 0}
    m_RemovedComponents: []
  m_ParentPrefab: {fileID: 100100000, guid: b815453c0d4c3704f83f01002f7c9f51, type: 2}
  m_IsPrefabParent: 0
--- !u!4 &1262557393 stripped
Transform:
  m_PrefabParentObject: {fileID: 4893027002068250, guid: b815453c0d4c3704f83f01002f7c9f51,
    type: 2}
  m_PrefabInternal: {fileID: 1262557392}
--- !u!1001 &1401887944
Prefab:
  m_ObjectHideFlags: 0
  serializedVersion: 2
  m_Modification:
    m_TransformParent: {fileID: 281885825}
    m_Modifications:
    - target: {fileID: 4810240417420668, guid: 424c81ea66496ef46a9e80ae78fd6302, type: 2}
      propertyPath: m_LocalPosition.x
      value: 6
      objectReference: {fileID: 0}
    - target: {fileID: 4810240417420668, guid: 424c81ea66496ef46a9e80ae78fd6302, type: 2}
      propertyPath: m_LocalPosition.y
      value: 0
      objectReference: {fileID: 0}
    - target: {fileID: 4810240417420668, guid: 424c81ea66496ef46a9e80ae78fd6302, type: 2}
      propertyPath: m_LocalPosition.z
      value: 3
      objectReference: {fileID: 0}
    - target: {fileID: 4810240417420668, guid: 424c81ea66496ef46a9e80ae78fd6302, type: 2}
      propertyPath: m_LocalRotation.x
      value: -0
      objectReference: {fileID: 0}
    - target: {fileID: 4810240417420668, guid: 424c81ea66496ef46a9e80ae78fd6302, type: 2}
      propertyPath: m_LocalRotation.y
      value: -0
      objectReference: {fileID: 0}
    - target: {fileID: 4810240417420668, guid: 424c81ea66496ef46a9e80ae78fd6302, type: 2}
      propertyPath: m_LocalRotation.z
      value: -0
      objectReference: {fileID: 0}
    - target: {fileID: 4810240417420668, guid: 424c81ea66496ef46a9e80ae78fd6302, type: 2}
      propertyPath: m_LocalRotation.w
      value: 1
      objectReference: {fileID: 0}
    - target: {fileID: 4810240417420668, guid: 424c81ea66496ef46a9e80ae78fd6302, type: 2}
      propertyPath: m_RootOrder
      value: 2
      objectReference: {fileID: 0}
    - target: {fileID: 1984777108993052, guid: 424c81ea66496ef46a9e80ae78fd6302, type: 2}
      propertyPath: m_Name
      value: Non destroyable Grid Plane (29)
      objectReference: {fileID: 0}
    m_RemovedComponents: []
  m_ParentPrefab: {fileID: 100100000, guid: 424c81ea66496ef46a9e80ae78fd6302, type: 2}
  m_IsPrefabParent: 0
--- !u!1 &1493739229
GameObject:
  m_ObjectHideFlags: 0
  m_PrefabParentObject: {fileID: 0}
  m_PrefabInternal: {fileID: 0}
  serializedVersion: 5
  m_Component:
  - component: {fileID: 1493739234}
  - component: {fileID: 1493739233}
  - component: {fileID: 1493739232}
  - component: {fileID: 1493739231}
  - component: {fileID: 1493739230}
  - component: {fileID: 1493739235}
  m_Layer: 0
  m_Name: Main Camera
  m_TagString: MainCamera
  m_Icon: {fileID: 0}
  m_NavMeshLayer: 0
  m_StaticEditorFlags: 0
  m_IsActive: 1
--- !u!81 &1493739230
AudioListener:
  m_ObjectHideFlags: 0
  m_PrefabParentObject: {fileID: 0}
  m_PrefabInternal: {fileID: 0}
  m_GameObject: {fileID: 1493739229}
  m_Enabled: 1
--- !u!124 &1493739231
Behaviour:
  m_ObjectHideFlags: 0
  m_PrefabParentObject: {fileID: 0}
  m_PrefabInternal: {fileID: 0}
  m_GameObject: {fileID: 1493739229}
  m_Enabled: 1
--- !u!92 &1493739232
Behaviour:
  m_ObjectHideFlags: 0
  m_PrefabParentObject: {fileID: 0}
  m_PrefabInternal: {fileID: 0}
  m_GameObject: {fileID: 1493739229}
  m_Enabled: 1
--- !u!20 &1493739233
Camera:
  m_ObjectHideFlags: 0
  m_PrefabParentObject: {fileID: 0}
  m_PrefabInternal: {fileID: 0}
  m_GameObject: {fileID: 1493739229}
  m_Enabled: 1
  serializedVersion: 2
  m_ClearFlags: 1
  m_BackGroundColor: {r: 0.007352948, g: 0.007136685, b: 0.007136685, a: 0}
  m_NormalizedViewPortRect:
    serializedVersion: 2
    x: 0
    y: 0
    width: 1
    height: 1
  near clip plane: 0.3
  far clip plane: 1000
  field of view: 60
  orthographic: 0
  orthographic size: 5
  m_Depth: -1
  m_CullingMask:
    serializedVersion: 2
    m_Bits: 4294967295
  m_RenderingPath: -1
  m_TargetTexture: {fileID: 0}
  m_TargetDisplay: 0
  m_TargetEye: 3
  m_HDR: 0
  m_OcclusionCulling: 1
  m_StereoConvergence: 10
  m_StereoSeparation: 0.022
  m_StereoMirrorMode: 0
--- !u!4 &1493739234
Transform:
  m_ObjectHideFlags: 0
  m_PrefabParentObject: {fileID: 0}
  m_PrefabInternal: {fileID: 0}
  m_GameObject: {fileID: 1493739229}
  m_LocalRotation: {x: -0.2114381, y: 0.002970283, z: -0.00045784767, w: -0.97738683}
  m_LocalPosition: {x: 4, y: 1.6, z: -3.294}
  m_LocalScale: {x: 1, y: 1, z: 1}
  m_Children: []
  m_Father: {fileID: 0}
  m_RootOrder: 3
  m_LocalEulerAnglesHint: {x: 24.413002, y: -0.35300002, z: -0.023000002}
--- !u!114 &1493739235
MonoBehaviour:
  m_ObjectHideFlags: 0
  m_PrefabParentObject: {fileID: 0}
  m_PrefabInternal: {fileID: 0}
  m_GameObject: {fileID: 1493739229}
  m_Enabled: 1
  m_EditorHideFlags: 0
  m_Script: {fileID: 11500000, guid: f2ab27c2b83cd524c99534a7b1b6dbfd, type: 3}
  m_Name: 
  m_EditorClassIdentifier: 
  movementTime: 0.25
--- !u!1001 &1504364705
Prefab:
  m_ObjectHideFlags: 0
  serializedVersion: 2
  m_Modification:
    m_TransformParent: {fileID: 281885825}
    m_Modifications:
    - target: {fileID: 4810240417420668, guid: 424c81ea66496ef46a9e80ae78fd6302, type: 2}
      propertyPath: m_LocalPosition.x
      value: 5
      objectReference: {fileID: 0}
    - target: {fileID: 4810240417420668, guid: 424c81ea66496ef46a9e80ae78fd6302, type: 2}
      propertyPath: m_LocalPosition.y
      value: 0
      objectReference: {fileID: 0}
    - target: {fileID: 4810240417420668, guid: 424c81ea66496ef46a9e80ae78fd6302, type: 2}
      propertyPath: m_LocalPosition.z
      value: 1
      objectReference: {fileID: 0}
    - target: {fileID: 4810240417420668, guid: 424c81ea66496ef46a9e80ae78fd6302, type: 2}
      propertyPath: m_LocalRotation.x
      value: -0
      objectReference: {fileID: 0}
    - target: {fileID: 4810240417420668, guid: 424c81ea66496ef46a9e80ae78fd6302, type: 2}
      propertyPath: m_LocalRotation.y
      value: -0
      objectReference: {fileID: 0}
    - target: {fileID: 4810240417420668, guid: 424c81ea66496ef46a9e80ae78fd6302, type: 2}
      propertyPath: m_LocalRotation.z
      value: -0
      objectReference: {fileID: 0}
    - target: {fileID: 4810240417420668, guid: 424c81ea66496ef46a9e80ae78fd6302, type: 2}
      propertyPath: m_LocalRotation.w
      value: 1
      objectReference: {fileID: 0}
    - target: {fileID: 4810240417420668, guid: 424c81ea66496ef46a9e80ae78fd6302, type: 2}
      propertyPath: m_RootOrder
      value: 12
      objectReference: {fileID: 0}
    - target: {fileID: 1984777108993052, guid: 424c81ea66496ef46a9e80ae78fd6302, type: 2}
      propertyPath: m_Name
      value: Non destroyable Grid Plane (37)
      objectReference: {fileID: 0}
    m_RemovedComponents: []
  m_ParentPrefab: {fileID: 100100000, guid: 424c81ea66496ef46a9e80ae78fd6302, type: 2}
  m_IsPrefabParent: 0
--- !u!1001 &1521316177
Prefab:
  m_ObjectHideFlags: 0
  serializedVersion: 2
  m_Modification:
    m_TransformParent: {fileID: 826133686}
    m_Modifications:
    - target: {fileID: 114792532018511946, guid: a1117fcc676d5154eb7950b90fdb3167,
        type: 2}
      propertyPath: checkpoints.Array.size
      value: 2
      objectReference: {fileID: 0}
    - target: {fileID: 4151520529557530, guid: a1117fcc676d5154eb7950b90fdb3167, type: 2}
      propertyPath: m_LocalPosition.x
      value: 2
      objectReference: {fileID: 0}
    - target: {fileID: 4151520529557530, guid: a1117fcc676d5154eb7950b90fdb3167, type: 2}
      propertyPath: m_LocalPosition.y
      value: 0
      objectReference: {fileID: 0}
    - target: {fileID: 4151520529557530, guid: a1117fcc676d5154eb7950b90fdb3167, type: 2}
      propertyPath: m_LocalPosition.z
      value: 2
      objectReference: {fileID: 0}
    - target: {fileID: 4151520529557530, guid: a1117fcc676d5154eb7950b90fdb3167, type: 2}
      propertyPath: m_LocalRotation.x
      value: 0
      objectReference: {fileID: 0}
    - target: {fileID: 4151520529557530, guid: a1117fcc676d5154eb7950b90fdb3167, type: 2}
      propertyPath: m_LocalRotation.y
      value: -0
      objectReference: {fileID: 0}
    - target: {fileID: 4151520529557530, guid: a1117fcc676d5154eb7950b90fdb3167, type: 2}
      propertyPath: m_LocalRotation.z
      value: -0
      objectReference: {fileID: 0}
    - target: {fileID: 4151520529557530, guid: a1117fcc676d5154eb7950b90fdb3167, type: 2}
      propertyPath: m_LocalRotation.w
      value: 1
      objectReference: {fileID: 0}
    - target: {fileID: 4151520529557530, guid: a1117fcc676d5154eb7950b90fdb3167, type: 2}
      propertyPath: m_RootOrder
      value: 5
      objectReference: {fileID: 0}
    - target: {fileID: 114792532018511946, guid: a1117fcc676d5154eb7950b90fdb3167,
        type: 2}
      propertyPath: checkpoints.Array.data[0]
      value: 
      objectReference: {fileID: 2017108856}
    - target: {fileID: 114792532018511946, guid: a1117fcc676d5154eb7950b90fdb3167,
        type: 2}
      propertyPath: checkpoints.Array.data[1]
      value: 
      objectReference: {fileID: 1956880745}
    m_RemovedComponents: []
  m_ParentPrefab: {fileID: 100100000, guid: a1117fcc676d5154eb7950b90fdb3167, type: 2}
  m_IsPrefabParent: 0
--- !u!4 &1521316178 stripped
Transform:
  m_PrefabParentObject: {fileID: 4151520529557530, guid: a1117fcc676d5154eb7950b90fdb3167,
    type: 2}
  m_PrefabInternal: {fileID: 1521316177}
--- !u!1001 &1559478310
Prefab:
  m_ObjectHideFlags: 0
  serializedVersion: 2
  m_Modification:
    m_TransformParent: {fileID: 281885825}
    m_Modifications:
    - target: {fileID: 4810240417420668, guid: 424c81ea66496ef46a9e80ae78fd6302, type: 2}
      propertyPath: m_LocalPosition.x
      value: 6
      objectReference: {fileID: 0}
    - target: {fileID: 4810240417420668, guid: 424c81ea66496ef46a9e80ae78fd6302, type: 2}
      propertyPath: m_LocalPosition.y
      value: 0
      objectReference: {fileID: 0}
    - target: {fileID: 4810240417420668, guid: 424c81ea66496ef46a9e80ae78fd6302, type: 2}
      propertyPath: m_LocalPosition.z
      value: 4
      objectReference: {fileID: 0}
    - target: {fileID: 4810240417420668, guid: 424c81ea66496ef46a9e80ae78fd6302, type: 2}
      propertyPath: m_LocalRotation.x
      value: -0
      objectReference: {fileID: 0}
    - target: {fileID: 4810240417420668, guid: 424c81ea66496ef46a9e80ae78fd6302, type: 2}
      propertyPath: m_LocalRotation.y
      value: -0
      objectReference: {fileID: 0}
    - target: {fileID: 4810240417420668, guid: 424c81ea66496ef46a9e80ae78fd6302, type: 2}
      propertyPath: m_LocalRotation.z
      value: -0
      objectReference: {fileID: 0}
    - target: {fileID: 4810240417420668, guid: 424c81ea66496ef46a9e80ae78fd6302, type: 2}
      propertyPath: m_LocalRotation.w
      value: 1
      objectReference: {fileID: 0}
    - target: {fileID: 4810240417420668, guid: 424c81ea66496ef46a9e80ae78fd6302, type: 2}
      propertyPath: m_RootOrder
      value: 3
      objectReference: {fileID: 0}
    - target: {fileID: 1984777108993052, guid: 424c81ea66496ef46a9e80ae78fd6302, type: 2}
      propertyPath: m_Name
      value: Non destroyable Grid Plane (30)
      objectReference: {fileID: 0}
    m_RemovedComponents: []
  m_ParentPrefab: {fileID: 100100000, guid: 424c81ea66496ef46a9e80ae78fd6302, type: 2}
  m_IsPrefabParent: 0
--- !u!1001 &1587006621
Prefab:
  m_ObjectHideFlags: 0
  serializedVersion: 2
  m_Modification:
    m_TransformParent: {fileID: 0}
    m_Modifications:
    - target: {fileID: 4079753525722122, guid: 30cacae4d14c2d34393f81380b5a9f83, type: 2}
      propertyPath: m_LocalPosition.x
      value: 4
      objectReference: {fileID: 0}
    - target: {fileID: 4079753525722122, guid: 30cacae4d14c2d34393f81380b5a9f83, type: 2}
      propertyPath: m_LocalPosition.y
      value: 6.28
      objectReference: {fileID: 0}
    - target: {fileID: 4079753525722122, guid: 30cacae4d14c2d34393f81380b5a9f83, type: 2}
      propertyPath: m_LocalPosition.z
      value: 1.49
      objectReference: {fileID: 0}
    - target: {fileID: 4079753525722122, guid: 30cacae4d14c2d34393f81380b5a9f83, type: 2}
      propertyPath: m_LocalRotation.x
      value: -0.7071068
      objectReference: {fileID: 0}
    - target: {fileID: 4079753525722122, guid: 30cacae4d14c2d34393f81380b5a9f83, type: 2}
      propertyPath: m_LocalRotation.y
      value: -0
      objectReference: {fileID: 0}
    - target: {fileID: 4079753525722122, guid: 30cacae4d14c2d34393f81380b5a9f83, type: 2}
      propertyPath: m_LocalRotation.z
      value: -0
      objectReference: {fileID: 0}
    - target: {fileID: 4079753525722122, guid: 30cacae4d14c2d34393f81380b5a9f83, type: 2}
      propertyPath: m_LocalRotation.w
      value: -0.7071068
      objectReference: {fileID: 0}
    - target: {fileID: 4079753525722122, guid: 30cacae4d14c2d34393f81380b5a9f83, type: 2}
      propertyPath: m_RootOrder
      value: 2
      objectReference: {fileID: 0}
    - target: {fileID: 20975527348339138, guid: 30cacae4d14c2d34393f81380b5a9f83,
        type: 2}
      propertyPath: orthographic size
      value: 4.87
      objectReference: {fileID: 0}
    - target: {fileID: 20975527348339138, guid: 30cacae4d14c2d34393f81380b5a9f83,
        type: 2}
      propertyPath: m_NormalizedViewPortRect.width
      value: 1
      objectReference: {fileID: 0}
    - target: {fileID: 20975527348339138, guid: 30cacae4d14c2d34393f81380b5a9f83,
        type: 2}
      propertyPath: m_NormalizedViewPortRect.x
      value: 0
      objectReference: {fileID: 0}
    - target: {fileID: 20975527348339138, guid: 30cacae4d14c2d34393f81380b5a9f83,
        type: 2}
      propertyPath: m_NormalizedViewPortRect.y
      value: 0
      objectReference: {fileID: 0}
    - target: {fileID: 20975527348339138, guid: 30cacae4d14c2d34393f81380b5a9f83,
        type: 2}
      propertyPath: m_CullingMask.m_Bits
      value: 4294966271
      objectReference: {fileID: 0}
    - target: {fileID: 1716647221027728, guid: 30cacae4d14c2d34393f81380b5a9f83, type: 2}
      propertyPath: m_Layer
      value: 8
      objectReference: {fileID: 0}
    - target: {fileID: 20975527348339138, guid: 30cacae4d14c2d34393f81380b5a9f83,
        type: 2}
      propertyPath: m_ClearFlags
      value: 2
      objectReference: {fileID: 0}
    - target: {fileID: 20975527348339138, guid: 30cacae4d14c2d34393f81380b5a9f83,
        type: 2}
      propertyPath: m_BackGroundColor.r
      value: 1
      objectReference: {fileID: 0}
    - target: {fileID: 20975527348339138, guid: 30cacae4d14c2d34393f81380b5a9f83,
        type: 2}
      propertyPath: m_BackGroundColor.g
      value: 1
      objectReference: {fileID: 0}
    - target: {fileID: 20975527348339138, guid: 30cacae4d14c2d34393f81380b5a9f83,
        type: 2}
      propertyPath: m_BackGroundColor.b
      value: 1
      objectReference: {fileID: 0}
    - target: {fileID: 20975527348339138, guid: 30cacae4d14c2d34393f81380b5a9f83,
        type: 2}
      propertyPath: orthographic
      value: 1
      objectReference: {fileID: 0}
    - target: {fileID: 20975527348339138, guid: 30cacae4d14c2d34393f81380b5a9f83,
        type: 2}
      propertyPath: m_RenderingPath
      value: 0
      objectReference: {fileID: 0}
    - target: {fileID: 20975527348339138, guid: 30cacae4d14c2d34393f81380b5a9f83,
        type: 2}
      propertyPath: m_OcclusionCulling
      value: 0
      objectReference: {fileID: 0}
    - target: {fileID: 20975527348339138, guid: 30cacae4d14c2d34393f81380b5a9f83,
        type: 2}
      propertyPath: m_BackGroundColor.a
      value: 0
      objectReference: {fileID: 0}
    m_RemovedComponents:
    - {fileID: 81039938721302528, guid: 30cacae4d14c2d34393f81380b5a9f83, type: 2}
    - {fileID: 124708911289329562, guid: 30cacae4d14c2d34393f81380b5a9f83, type: 2}
  m_ParentPrefab: {fileID: 100100000, guid: 30cacae4d14c2d34393f81380b5a9f83, type: 2}
  m_IsPrefabParent: 0
--- !u!1 &1684561057
GameObject:
  m_ObjectHideFlags: 0
  m_PrefabParentObject: {fileID: 1370568391951112, guid: 2f04af3b5078bf34990585d4fc83bc2c,
    type: 2}
  m_PrefabInternal: {fileID: 0}
  serializedVersion: 5
  m_Component:
  - component: {fileID: 1684561058}
  - component: {fileID: 1684561060}
  - component: {fileID: 1684561059}
  m_Layer: 8
  m_Name: Minimap image
  m_TagString: Untagged
  m_Icon: {fileID: 0}
  m_NavMeshLayer: 0
  m_StaticEditorFlags: 0
  m_IsActive: 1
--- !u!224 &1684561058
RectTransform:
  m_ObjectHideFlags: 0
  m_PrefabParentObject: {fileID: 224498574141768784, guid: 2f04af3b5078bf34990585d4fc83bc2c,
    type: 2}
  m_PrefabInternal: {fileID: 0}
  m_GameObject: {fileID: 1684561057}
  m_LocalRotation: {x: -0, y: -0, z: -0, w: 1}
  m_LocalPosition: {x: 0, y: 0, z: 0}
  m_LocalScale: {x: 1, y: 1, z: 1}
  m_Children: []
  m_Father: {fileID: 1917430535}
  m_RootOrder: 1
  m_LocalEulerAnglesHint: {x: 0, y: 0, z: 0}
  m_AnchorMin: {x: 0, y: 1}
  m_AnchorMax: {x: 0, y: 1}
  m_AnchoredPosition: {x: -34.7, y: 0}
  m_SizeDelta: {x: 175, y: 175}
  m_Pivot: {x: 0, y: 1}
--- !u!114 &1684561059
MonoBehaviour:
  m_ObjectHideFlags: 0
  m_PrefabParentObject: {fileID: 114414345282997984, guid: 2f04af3b5078bf34990585d4fc83bc2c,
    type: 2}
  m_PrefabInternal: {fileID: 0}
  m_GameObject: {fileID: 1684561057}
  m_Enabled: 1
  m_EditorHideFlags: 0
  m_Script: {fileID: -98529514, guid: f70555f144d8491a825f0804e09c671c, type: 3}
  m_Name: 
  m_EditorClassIdentifier: 
  m_Material: {fileID: 0}
  m_Color: {r: 1, g: 1, b: 1, a: 1}
  m_RaycastTarget: 1
  m_OnCullStateChanged:
    m_PersistentCalls:
      m_Calls: []
    m_TypeName: UnityEngine.UI.MaskableGraphic+CullStateChangedEvent, UnityEngine.UI,
      Version=1.0.0.0, Culture=neutral, PublicKeyToken=null
  m_Texture: {fileID: 8400000, guid: 0448cfd1206ddcc4d93906fd4382acc7, type: 2}
  m_UVRect:
    serializedVersion: 2
    x: 0
    y: 0
    width: 1
    height: 1
--- !u!222 &1684561060
CanvasRenderer:
  m_ObjectHideFlags: 0
  m_PrefabParentObject: {fileID: 222475934590839202, guid: 2f04af3b5078bf34990585d4fc83bc2c,
    type: 2}
  m_PrefabInternal: {fileID: 0}
  m_GameObject: {fileID: 1684561057}
--- !u!1001 &1748256037
Prefab:
  m_ObjectHideFlags: 0
  serializedVersion: 2
  m_Modification:
    m_TransformParent: {fileID: 826133686}
    m_Modifications:
    - target: {fileID: 4325516814462904, guid: 0cddd3ef368aaba42865c40e750b2808, type: 2}
      propertyPath: m_LocalPosition.x
      value: 2
      objectReference: {fileID: 0}
    - target: {fileID: 4325516814462904, guid: 0cddd3ef368aaba42865c40e750b2808, type: 2}
      propertyPath: m_LocalPosition.y
      value: 0
      objectReference: {fileID: 0}
    - target: {fileID: 4325516814462904, guid: 0cddd3ef368aaba42865c40e750b2808, type: 2}
      propertyPath: m_LocalPosition.z
      value: 2
      objectReference: {fileID: 0}
    - target: {fileID: 4325516814462904, guid: 0cddd3ef368aaba42865c40e750b2808, type: 2}
      propertyPath: m_LocalRotation.x
      value: -0
      objectReference: {fileID: 0}
    - target: {fileID: 4325516814462904, guid: 0cddd3ef368aaba42865c40e750b2808, type: 2}
      propertyPath: m_LocalRotation.y
      value: -0
      objectReference: {fileID: 0}
    - target: {fileID: 4325516814462904, guid: 0cddd3ef368aaba42865c40e750b2808, type: 2}
      propertyPath: m_LocalRotation.z
      value: -0
      objectReference: {fileID: 0}
    - target: {fileID: 4325516814462904, guid: 0cddd3ef368aaba42865c40e750b2808, type: 2}
      propertyPath: m_LocalRotation.w
      value: 1
      objectReference: {fileID: 0}
    - target: {fileID: 4325516814462904, guid: 0cddd3ef368aaba42865c40e750b2808, type: 2}
      propertyPath: m_RootOrder
      value: 2
      objectReference: {fileID: 0}
    - target: {fileID: 114999044267020164, guid: 0cddd3ef368aaba42865c40e750b2808,
        type: 2}
      propertyPath: amountOfPower
      value: 1
      objectReference: {fileID: 0}
    m_RemovedComponents: []
  m_ParentPrefab: {fileID: 100100000, guid: 0cddd3ef368aaba42865c40e750b2808, type: 2}
  m_IsPrefabParent: 0
--- !u!4 &1748256038 stripped
Transform:
  m_PrefabParentObject: {fileID: 4325516814462904, guid: 0cddd3ef368aaba42865c40e750b2808,
    type: 2}
  m_PrefabInternal: {fileID: 1748256037}
--- !u!1 &1820348989
GameObject:
  m_ObjectHideFlags: 0
  m_PrefabParentObject: {fileID: 1925390369801726, guid: 2f04af3b5078bf34990585d4fc83bc2c,
    type: 2}
  m_PrefabInternal: {fileID: 0}
  serializedVersion: 5
  m_Component:
  - component: {fileID: 1820348990}
  - component: {fileID: 1820348992}
  - component: {fileID: 1820348991}
  m_Layer: 5
  m_Name: Power counter background
  m_TagString: Untagged
  m_Icon: {fileID: 0}
  m_NavMeshLayer: 0
  m_StaticEditorFlags: 0
  m_IsActive: 1
--- !u!224 &1820348990
RectTransform:
  m_ObjectHideFlags: 0
  m_PrefabParentObject: {fileID: 224693712650310728, guid: 2f04af3b5078bf34990585d4fc83bc2c,
    type: 2}
  m_PrefabInternal: {fileID: 0}
  m_GameObject: {fileID: 1820348989}
  m_LocalRotation: {x: -0, y: -0, z: -0, w: 1}
  m_LocalPosition: {x: 0, y: 0, z: 0}
  m_LocalScale: {x: 1, y: 1, z: 1}
  m_Children: []
  m_Father: {fileID: 1007315956}
  m_RootOrder: 0
  m_LocalEulerAnglesHint: {x: 0, y: 0, z: 0}
  m_AnchorMin: {x: 0, y: 0}
  m_AnchorMax: {x: 1, y: 1}
  m_AnchoredPosition: {x: -64.3, y: -4.6}
  m_SizeDelta: {x: 122.599976, y: -15.82489}
  m_Pivot: {x: 0.5, y: 0.5}
--- !u!114 &1820348991
MonoBehaviour:
  m_ObjectHideFlags: 0
  m_PrefabParentObject: {fileID: 114675618286358368, guid: 2f04af3b5078bf34990585d4fc83bc2c,
    type: 2}
  m_PrefabInternal: {fileID: 0}
  m_GameObject: {fileID: 1820348989}
  m_Enabled: 1
  m_EditorHideFlags: 0
  m_Script: {fileID: -765806418, guid: f70555f144d8491a825f0804e09c671c, type: 3}
  m_Name: 
  m_EditorClassIdentifier: 
  m_Material: {fileID: 0}
  m_Color: {r: 0, g: 0, b: 0, a: 0.54901963}
  m_RaycastTarget: 1
  m_OnCullStateChanged:
    m_PersistentCalls:
      m_Calls: []
    m_TypeName: UnityEngine.UI.MaskableGraphic+CullStateChangedEvent, UnityEngine.UI,
      Version=1.0.0.0, Culture=neutral, PublicKeyToken=null
  m_Sprite: {fileID: 10907, guid: 0000000000000000f000000000000000, type: 0}
  m_Type: 1
  m_PreserveAspect: 0
  m_FillCenter: 1
  m_FillMethod: 4
  m_FillAmount: 1
  m_FillClockwise: 1
  m_FillOrigin: 0
--- !u!222 &1820348992
CanvasRenderer:
  m_ObjectHideFlags: 0
  m_PrefabParentObject: {fileID: 222451852633580068, guid: 2f04af3b5078bf34990585d4fc83bc2c,
    type: 2}
  m_PrefabInternal: {fileID: 0}
  m_GameObject: {fileID: 1820348989}
--- !u!1 &1820836629
GameObject:
  m_ObjectHideFlags: 0
  m_PrefabParentObject: {fileID: 1877309776846832, guid: c5775acb357c4284f83bf3bcdea81a29,
    type: 2}
  m_PrefabInternal: {fileID: 0}
  serializedVersion: 5
  m_Component:
  - component: {fileID: 1820836630}
  - component: {fileID: 1820836633}
  - component: {fileID: 1820836631}
  m_Layer: 0
  m_Name: Board (2)
  m_TagString: Untagged
  m_Icon: {fileID: 0}
  m_NavMeshLayer: 0
  m_StaticEditorFlags: 0
  m_IsActive: 1
--- !u!4 &1820836630
Transform:
  m_ObjectHideFlags: 0
  m_PrefabParentObject: {fileID: 4424246831631934, guid: c5775acb357c4284f83bf3bcdea81a29,
    type: 2}
  m_PrefabInternal: {fileID: 0}
  m_GameObject: {fileID: 1820836629}
  m_LocalRotation: {x: -0, y: -0, z: -0, w: 1}
  m_LocalPosition: {x: 6, y: -0.11, z: 3}
  m_LocalScale: {x: 1, y: 0.19999999, z: 3}
  m_Children: []
  m_Father: {fileID: 681297687}
  m_RootOrder: 3
  m_LocalEulerAnglesHint: {x: 0, y: 0, z: 0}
--- !u!23 &1820836631
MeshRenderer:
  m_ObjectHideFlags: 0
  m_PrefabParentObject: {fileID: 23032697932527822, guid: c5775acb357c4284f83bf3bcdea81a29,
    type: 2}
  m_PrefabInternal: {fileID: 0}
  m_GameObject: {fileID: 1820836629}
  m_Enabled: 1
  m_CastShadows: 1
  m_ReceiveShadows: 1
  m_MotionVectors: 1
  m_LightProbeUsage: 1
  m_ReflectionProbeUsage: 1
  m_Materials:
  - {fileID: 2100000, guid: 496af15a715d9ff46b5815c407b366c9, type: 2}
  m_StaticBatchInfo:
    firstSubMesh: 0
    subMeshCount: 0
  m_StaticBatchRoot: {fileID: 0}
  m_ProbeAnchor: {fileID: 0}
  m_LightProbeVolumeOverride: {fileID: 0}
  m_ScaleInLightmap: 1
  m_PreserveUVs: 1
  m_IgnoreNormalsForChartDetection: 0
  m_ImportantGI: 0
  m_SelectedEditorRenderState: 3
  m_MinimumChartSize: 4
  m_AutoUVMaxDistance: 0.5
  m_AutoUVMaxAngle: 89
  m_LightmapParameters: {fileID: 0}
  m_SortingLayerID: 0
  m_SortingOrder: 0
--- !u!33 &1820836633
MeshFilter:
  m_ObjectHideFlags: 0
  m_PrefabParentObject: {fileID: 33493171844464408, guid: c5775acb357c4284f83bf3bcdea81a29,
    type: 2}
  m_PrefabInternal: {fileID: 0}
  m_GameObject: {fileID: 1820836629}
  m_Mesh: {fileID: 10202, guid: 0000000000000000e000000000000000, type: 0}
--- !u!1001 &1854108907
Prefab:
  m_ObjectHideFlags: 0
  serializedVersion: 2
  m_Modification:
    m_TransformParent: {fileID: 281885825}
    m_Modifications:
    - target: {fileID: 4810240417420668, guid: 424c81ea66496ef46a9e80ae78fd6302, type: 2}
      propertyPath: m_LocalPosition.x
      value: 5
      objectReference: {fileID: 0}
    - target: {fileID: 4810240417420668, guid: 424c81ea66496ef46a9e80ae78fd6302, type: 2}
      propertyPath: m_LocalPosition.y
      value: 0
      objectReference: {fileID: 0}
    - target: {fileID: 4810240417420668, guid: 424c81ea66496ef46a9e80ae78fd6302, type: 2}
      propertyPath: m_LocalPosition.z
      value: 2
      objectReference: {fileID: 0}
    - target: {fileID: 4810240417420668, guid: 424c81ea66496ef46a9e80ae78fd6302, type: 2}
      propertyPath: m_LocalRotation.x
      value: -0
      objectReference: {fileID: 0}
    - target: {fileID: 4810240417420668, guid: 424c81ea66496ef46a9e80ae78fd6302, type: 2}
      propertyPath: m_LocalRotation.y
      value: -0
      objectReference: {fileID: 0}
    - target: {fileID: 4810240417420668, guid: 424c81ea66496ef46a9e80ae78fd6302, type: 2}
      propertyPath: m_LocalRotation.z
      value: -0
      objectReference: {fileID: 0}
    - target: {fileID: 4810240417420668, guid: 424c81ea66496ef46a9e80ae78fd6302, type: 2}
      propertyPath: m_LocalRotation.w
      value: 1
      objectReference: {fileID: 0}
    - target: {fileID: 4810240417420668, guid: 424c81ea66496ef46a9e80ae78fd6302, type: 2}
      propertyPath: m_RootOrder
      value: 9
      objectReference: {fileID: 0}
    - target: {fileID: 1984777108993052, guid: 424c81ea66496ef46a9e80ae78fd6302, type: 2}
      propertyPath: m_Name
      value: Non destroyable Grid Plane (34)
      objectReference: {fileID: 0}
    m_RemovedComponents: []
  m_ParentPrefab: {fileID: 100100000, guid: 424c81ea66496ef46a9e80ae78fd6302, type: 2}
  m_IsPrefabParent: 0
--- !u!1 &1917430534
GameObject:
  m_ObjectHideFlags: 0
  m_PrefabParentObject: {fileID: 1540637942419880, guid: 2f04af3b5078bf34990585d4fc83bc2c,
    type: 2}
  m_PrefabInternal: {fileID: 0}
  serializedVersion: 5
  m_Component:
  - component: {fileID: 1917430535}
  m_Layer: 5
  m_Name: Minimap
  m_TagString: Untagged
  m_Icon: {fileID: 0}
  m_NavMeshLayer: 0
  m_StaticEditorFlags: 0
  m_IsActive: 1
--- !u!224 &1917430535
RectTransform:
  m_ObjectHideFlags: 0
  m_PrefabParentObject: {fileID: 224877704405244146, guid: 2f04af3b5078bf34990585d4fc83bc2c,
    type: 2}
  m_PrefabInternal: {fileID: 0}
  m_GameObject: {fileID: 1917430534}
  m_LocalRotation: {x: 0, y: 0, z: 0, w: 1}
  m_LocalPosition: {x: 0, y: 0, z: 0}
  m_LocalScale: {x: 1, y: 1, z: 1}
  m_Children:
  - {fileID: 1056087278}
  - {fileID: 1684561058}
  m_Father: {fileID: 813681962}
  m_RootOrder: 2
  m_LocalEulerAnglesHint: {x: 0, y: 0, z: 0}
  m_AnchorMin: {x: 0, y: 1}
  m_AnchorMax: {x: 0, y: 1}
  m_AnchoredPosition: {x: 26, y: -20}
  m_SizeDelta: {x: 100, y: 100}
  m_Pivot: {x: 0, y: 1}
--- !u!1001 &1945183800
Prefab:
  m_ObjectHideFlags: 0
  serializedVersion: 2
  m_Modification:
    m_TransformParent: {fileID: 0}
    m_Modifications:
    - target: {fileID: 4801431243000748, guid: ccd8d2639e43ffc4c97f038e8a4b4d9e, type: 2}
      propertyPath: m_LocalPosition.x
      value: 0
      objectReference: {fileID: 0}
    - target: {fileID: 4801431243000748, guid: ccd8d2639e43ffc4c97f038e8a4b4d9e, type: 2}
      propertyPath: m_LocalPosition.y
      value: 0
      objectReference: {fileID: 0}
    - target: {fileID: 4801431243000748, guid: ccd8d2639e43ffc4c97f038e8a4b4d9e, type: 2}
      propertyPath: m_LocalPosition.z
      value: 0
      objectReference: {fileID: 0}
    - target: {fileID: 4801431243000748, guid: ccd8d2639e43ffc4c97f038e8a4b4d9e, type: 2}
      propertyPath: m_LocalRotation.x
      value: 0
      objectReference: {fileID: 0}
    - target: {fileID: 4801431243000748, guid: ccd8d2639e43ffc4c97f038e8a4b4d9e, type: 2}
      propertyPath: m_LocalRotation.y
      value: 0
      objectReference: {fileID: 0}
    - target: {fileID: 4801431243000748, guid: ccd8d2639e43ffc4c97f038e8a4b4d9e, type: 2}
      propertyPath: m_LocalRotation.z
      value: 0
      objectReference: {fileID: 0}
    - target: {fileID: 4801431243000748, guid: ccd8d2639e43ffc4c97f038e8a4b4d9e, type: 2}
      propertyPath: m_LocalRotation.w
      value: 1
      objectReference: {fileID: 0}
    - target: {fileID: 4801431243000748, guid: ccd8d2639e43ffc4c97f038e8a4b4d9e, type: 2}
      propertyPath: m_RootOrder
      value: 5
      objectReference: {fileID: 0}
    - target: {fileID: 114469655991336738, guid: ccd8d2639e43ffc4c97f038e8a4b4d9e,
        type: 2}
      propertyPath: isRandomizationEnabled
      value: 0
      objectReference: {fileID: 0}
    m_RemovedComponents: []
  m_ParentPrefab: {fileID: 100100000, guid: ccd8d2639e43ffc4c97f038e8a4b4d9e, type: 2}
  m_IsPrefabParent: 0
--- !u!1001 &1956880744
Prefab:
  m_ObjectHideFlags: 0
  serializedVersion: 2
  m_Modification:
    m_TransformParent: {fileID: 281885825}
    m_Modifications:
    - target: {fileID: 4810240417420668, guid: 424c81ea66496ef46a9e80ae78fd6302, type: 2}
      propertyPath: m_LocalPosition.x
      value: 6
      objectReference: {fileID: 0}
    - target: {fileID: 4810240417420668, guid: 424c81ea66496ef46a9e80ae78fd6302, type: 2}
      propertyPath: m_LocalPosition.y
      value: 0
      objectReference: {fileID: 0}
    - target: {fileID: 4810240417420668, guid: 424c81ea66496ef46a9e80ae78fd6302, type: 2}
      propertyPath: m_LocalPosition.z
      value: 2
      objectReference: {fileID: 0}
    - target: {fileID: 4810240417420668, guid: 424c81ea66496ef46a9e80ae78fd6302, type: 2}
      propertyPath: m_LocalRotation.x
      value: -0
      objectReference: {fileID: 0}
    - target: {fileID: 4810240417420668, guid: 424c81ea66496ef46a9e80ae78fd6302, type: 2}
      propertyPath: m_LocalRotation.y
      value: -0
      objectReference: {fileID: 0}
    - target: {fileID: 4810240417420668, guid: 424c81ea66496ef46a9e80ae78fd6302, type: 2}
      propertyPath: m_LocalRotation.z
      value: -0
      objectReference: {fileID: 0}
    - target: {fileID: 4810240417420668, guid: 424c81ea66496ef46a9e80ae78fd6302, type: 2}
      propertyPath: m_LocalRotation.w
      value: 1
      objectReference: {fileID: 0}
    - target: {fileID: 4810240417420668, guid: 424c81ea66496ef46a9e80ae78fd6302, type: 2}
      propertyPath: m_RootOrder
      value: 10
      objectReference: {fileID: 0}
    - target: {fileID: 1984777108993052, guid: 424c81ea66496ef46a9e80ae78fd6302, type: 2}
      propertyPath: m_Name
      value: Non destroyable Grid Plane (35)
      objectReference: {fileID: 0}
    - target: {fileID: 114881171235672324, guid: 424c81ea66496ef46a9e80ae78fd6302,
        type: 2}
      propertyPath: turnRedOnStart
      value: 1
      objectReference: {fileID: 0}
    m_RemovedComponents: []
  m_ParentPrefab: {fileID: 100100000, guid: 424c81ea66496ef46a9e80ae78fd6302, type: 2}
  m_IsPrefabParent: 0
--- !u!4 &1956880745 stripped
Transform:
  m_PrefabParentObject: {fileID: 4810240417420668, guid: 424c81ea66496ef46a9e80ae78fd6302,
    type: 2}
  m_PrefabInternal: {fileID: 1956880744}
--- !u!1001 &1960124906
Prefab:
  m_ObjectHideFlags: 0
  serializedVersion: 2
  m_Modification:
    m_TransformParent: {fileID: 0}
    m_Modifications:
    - target: {fileID: 4894651522758738, guid: cdd7a138ee0f61a47a0ad0d3c9b7f4da, type: 2}
      propertyPath: m_LocalPosition.x
      value: 0
      objectReference: {fileID: 0}
    - target: {fileID: 4894651522758738, guid: cdd7a138ee0f61a47a0ad0d3c9b7f4da, type: 2}
      propertyPath: m_LocalPosition.y
      value: 0
      objectReference: {fileID: 0}
    - target: {fileID: 4894651522758738, guid: cdd7a138ee0f61a47a0ad0d3c9b7f4da, type: 2}
      propertyPath: m_LocalPosition.z
      value: 0
      objectReference: {fileID: 0}
    - target: {fileID: 4894651522758738, guid: cdd7a138ee0f61a47a0ad0d3c9b7f4da, type: 2}
      propertyPath: m_LocalRotation.x
      value: 0
      objectReference: {fileID: 0}
    - target: {fileID: 4894651522758738, guid: cdd7a138ee0f61a47a0ad0d3c9b7f4da, type: 2}
      propertyPath: m_LocalRotation.y
      value: 0
      objectReference: {fileID: 0}
    - target: {fileID: 4894651522758738, guid: cdd7a138ee0f61a47a0ad0d3c9b7f4da, type: 2}
      propertyPath: m_LocalRotation.z
      value: 0
      objectReference: {fileID: 0}
    - target: {fileID: 4894651522758738, guid: cdd7a138ee0f61a47a0ad0d3c9b7f4da, type: 2}
      propertyPath: m_LocalRotation.w
      value: 1
      objectReference: {fileID: 0}
    - target: {fileID: 4894651522758738, guid: cdd7a138ee0f61a47a0ad0d3c9b7f4da, type: 2}
      propertyPath: m_RootOrder
      value: 0
      objectReference: {fileID: 0}
    m_RemovedComponents: []
  m_ParentPrefab: {fileID: 100100000, guid: cdd7a138ee0f61a47a0ad0d3c9b7f4da, type: 2}
  m_IsPrefabParent: 0
--- !u!1 &2005649019
GameObject:
  m_ObjectHideFlags: 0
  m_PrefabParentObject: {fileID: 1752464216587482, guid: 2f04af3b5078bf34990585d4fc83bc2c,
    type: 2}
  m_PrefabInternal: {fileID: 0}
  serializedVersion: 5
  m_Component:
  - component: {fileID: 2005649020}
  - component: {fileID: 2005649022}
  - component: {fileID: 2005649021}
  m_Layer: 5
  m_Name: Power counter
  m_TagString: Untagged
  m_Icon: {fileID: 0}
  m_NavMeshLayer: 0
  m_StaticEditorFlags: 0
  m_IsActive: 1
--- !u!224 &2005649020
RectTransform:
  m_ObjectHideFlags: 0
  m_PrefabParentObject: {fileID: 224762595282459088, guid: 2f04af3b5078bf34990585d4fc83bc2c,
    type: 2}
  m_PrefabInternal: {fileID: 0}
  m_GameObject: {fileID: 2005649019}
  m_LocalRotation: {x: -0, y: -0, z: -0, w: 1}
  m_LocalPosition: {x: 0, y: 0, z: 0}
  m_LocalScale: {x: 1, y: 1, z: 1}
  m_Children:
  - {fileID: 972616880}
  m_Father: {fileID: 1007315956}
  m_RootOrder: 1
  m_LocalEulerAnglesHint: {x: 0, y: 0, z: 0}
  m_AnchorMin: {x: 1, y: 0}
  m_AnchorMax: {x: 1, y: 0}
  m_AnchoredPosition: {x: 0, y: 0}
  m_SizeDelta: {x: 84.1, y: 84}
  m_Pivot: {x: 1, y: 0}
--- !u!114 &2005649021
MonoBehaviour:
  m_ObjectHideFlags: 0
  m_PrefabParentObject: {fileID: 114818586898078868, guid: 2f04af3b5078bf34990585d4fc83bc2c,
    type: 2}
  m_PrefabInternal: {fileID: 0}
  m_GameObject: {fileID: 2005649019}
  m_Enabled: 1
  m_EditorHideFlags: 0
  m_Script: {fileID: 708705254, guid: f70555f144d8491a825f0804e09c671c, type: 3}
  m_Name: 
  m_EditorClassIdentifier: 
  m_Material: {fileID: 0}
  m_Color: {r: 0.022058845, g: 0.928, b: 0, a: 1}
  m_RaycastTarget: 1
  m_OnCullStateChanged:
    m_PersistentCalls:
      m_Calls: []
    m_TypeName: UnityEngine.UI.MaskableGraphic+CullStateChangedEvent, UnityEngine.UI,
      Version=1.0.0.0, Culture=neutral, PublicKeyToken=null
  m_FontData:
    m_Font: {fileID: 12800000, guid: d31338269b92cf347b7b5a94bdf756eb, type: 3}
    m_FontSize: 62
    m_FontStyle: 1
    m_BestFit: 0
    m_MinSize: 10
    m_MaxSize: 89
    m_Alignment: 4
    m_AlignByGeometry: 0
    m_RichText: 1
    m_HorizontalOverflow: 0
    m_VerticalOverflow: 0
    m_LineSpacing: 1
  m_Text: 0
--- !u!222 &2005649022
CanvasRenderer:
  m_ObjectHideFlags: 0
  m_PrefabParentObject: {fileID: 222172026692993438, guid: 2f04af3b5078bf34990585d4fc83bc2c,
    type: 2}
  m_PrefabInternal: {fileID: 0}
  m_GameObject: {fileID: 2005649019}
--- !u!1001 &2017108855
Prefab:
  m_ObjectHideFlags: 0
  serializedVersion: 2
  m_Modification:
    m_TransformParent: {fileID: 281885825}
    m_Modifications:
    - target: {fileID: 4810240417420668, guid: 424c81ea66496ef46a9e80ae78fd6302, type: 2}
      propertyPath: m_LocalPosition.x
      value: 2
      objectReference: {fileID: 0}
    - target: {fileID: 4810240417420668, guid: 424c81ea66496ef46a9e80ae78fd6302, type: 2}
      propertyPath: m_LocalPosition.y
      value: 0
      objectReference: {fileID: 0}
    - target: {fileID: 4810240417420668, guid: 424c81ea66496ef46a9e80ae78fd6302, type: 2}
      propertyPath: m_LocalPosition.z
      value: 2
      objectReference: {fileID: 0}
    - target: {fileID: 4810240417420668, guid: 424c81ea66496ef46a9e80ae78fd6302, type: 2}
      propertyPath: m_LocalRotation.x
      value: -0
      objectReference: {fileID: 0}
    - target: {fileID: 4810240417420668, guid: 424c81ea66496ef46a9e80ae78fd6302, type: 2}
      propertyPath: m_LocalRotation.y
      value: -0
      objectReference: {fileID: 0}
    - target: {fileID: 4810240417420668, guid: 424c81ea66496ef46a9e80ae78fd6302, type: 2}
      propertyPath: m_LocalRotation.z
      value: -0
      objectReference: {fileID: 0}
    - target: {fileID: 4810240417420668, guid: 424c81ea66496ef46a9e80ae78fd6302, type: 2}
      propertyPath: m_LocalRotation.w
      value: 1
      objectReference: {fileID: 0}
    - target: {fileID: 4810240417420668, guid: 424c81ea66496ef46a9e80ae78fd6302, type: 2}
      propertyPath: m_RootOrder
      value: 6
      objectReference: {fileID: 0}
    - target: {fileID: 1984777108993052, guid: 424c81ea66496ef46a9e80ae78fd6302, type: 2}
      propertyPath: m_Name
      value: Non destroyable Grid Plane (31)
      objectReference: {fileID: 0}
    m_RemovedComponents: []
  m_ParentPrefab: {fileID: 100100000, guid: 424c81ea66496ef46a9e80ae78fd6302, type: 2}
  m_IsPrefabParent: 0
--- !u!4 &2017108856 stripped
Transform:
  m_PrefabParentObject: {fileID: 4810240417420668, guid: 424c81ea66496ef46a9e80ae78fd6302,
    type: 2}
  m_PrefabInternal: {fileID: 2017108855}
